2546 3210
66 186 2459 240 *---—------—--—-—-———-————--—--——-—-*

1227 243 1306 292 XI

279 388 415 431 Poeta
439 386 707 430 ,Stilichonis
741 387 1042 431 liberalitatem
1078 389 1317 444 praedicat.
1372 388 1553 443 Copiam
1587 388 1781 444 intelligo
1819 388 2054 444 pecuniam
2086 387 2132 428 in
2156 386 2284 428 ludos
2311 400 2367 429 ac

171 443 426 487 donationes
457 442 714 499 impensam.
767 444 928 488 Manus
955 458 1040 501 par
1072 444 1202 488 donis
1231 443 1453 500 armisque
1483 444 1579 487 sine
1612 444 1742 487 dubio
1770 452 1837 488 est
1864 456 1981 500 quae
2010 441 2147 486 armis
2171 448 2215 484 et
2240 441 2367 484 donis

171 499 335 556 pariter
361 496 547 542 excellit.
603 498 692 542 Sed
719 498 894 554 dubito,
922 514 1028 545 num
1053 503 1208 557 poetae
1235 507 1384 556 aptum
1412 499 1469 543 sit
1496 499 1664 542 dicere:
1700 513 1856 543 manus
1884 499 2014 555 larga
2040 497 2253 554 sortisque
2278 495 2365 540 for·

171 561 237 597 tes
260 567 418 597 manus
444 560 615 597 veteres
641 555 859 598 obseurat.
914 556 1045 599 Haud
1070 556 1201 599 dubie
1230 555 1346 598 enim
1381 556 1439 598 ad
1468 554 1648 610 ficturos
1675 556 1989 598 substantivum
2016 567 2177 597 manus
2204 553 2366 607 cogita-

171 609 290 654 tione
317 608 562 653 addendum
587 616 676 663 est,
712 609 798 653 nisi
824 609 936 653 forte
964 624 1022 654 ex
1048 609 1325 668 praecedenti
1354 610 1656 654 enunciatione
1781 611 1792 621 ⁹
1868 609 2051 665 intelligi
2080 607 2221 654 voles.
2275 607 2367 651 Sed

171 664 389 724 invenitur
415 662 506 707 alia
533 663 662 708 lectio
682 664 872 724 futuros.
925 664 1080 710 Placet
1105 666 1279 722 quidem
1305 666 1472 720 magis3
1505 667 1584 708 sed
1613 680 1700 708 vox
1757 667 1939 716 omines,
1973 679 2089 722 quae
2114 670 2261 707 mente
2287 663 2366 705 nd-

169 718 316 765 denda
353 725 440 773 est,
474 719 646 776 poetico
681 720 906 774 sermoni,
944 720 1021 777 qui
1047 719 1280 778 generales
1304 721 1503 765 notiones
1533 722 1675 773 evitat,
1702 735 1858 775 pamm
1883 721 2042 764 idonea
2069 727 2147 763 est.
2191 718 2364 770 Quibus

172 774 230 817 de
254 774 403 818 causis
428 775 774 831 interpunctione
800 783 965 819 mutata
992 775 1142 832 legere
1167 775 1320 821 velim:
1348 785 1423 820 tua
1452 777 1582 833 copia
1605 776 1737 819 vincit
1756 801 1806 808 —
1823 776 2056 829 TonantiS,
2083 776 2292 820 obscurat
2309 799 2362 806 -

170 828 352 875 fluum.
407 831 603 882 Quorum
636 831 870 875 verborum
908 833 1123 877 sententia
1159 831 1270 876 haec
1303 832 1406 876 erit:
1440 839 1516 876 tua
1555 832 1679 888 copia
1714 830 1883 876 fiituras
1918 833 2072 889 copias
2095 829 2363 875 obscurabit.

171 885 411 943 Sequentia
438 893 580 929 autem
609 887 769 930 verba:
806 900 897 943 par
922 888 1051 932 donis
1087 890 1300 946 amnisque
1327 902 1478 932 mam
1513 903 1594 945 per
1619 902 1669 931 se
1696 888 1908 944 integram
1943 888 2202 932 sententiam
2230 899 2362 944 prae-

172 941 285 986 bent.
340 942 397 985 V.
422 941 507 986 235
541 942 678 986 verba
702 944 778 987 vili
803 943 884 987 sub
915 945 1113 1000 pondere
1139 944 1362 989 Gesnerus
1389 944 1459 988 his
1487 944 1696 1001 explicat:
1733 945 1931 1002 pondere
1955 944 2068 988 adeo
2093 956 2274 1001 unoquo,
2313 947 2362 986 ut

172 999 245 1054 qui
271 997 380 1040 illud
407 998 599 1040 indicari
620 996 742 1053 forte
770 1000 960 1050 audiret,
986 1013 1073 1043 non
1104 1001 1159 1043 de
1183 1000 1394 1045 nobilibus
1414 1002 1610 1048 metallis,
1636 1001 1716 1043 sed
1743 1001 1798 1042 de
1824 1000 2040 1055 lapidibus
2067 1005 2144 1041 aut
2171 999 2248 1041 vili
2268 999 2361 1041 olio

170 1054 353 1097 materia
377 1065 609 1096 sermonem
635 1056 756 1105 esse',
789 1055 1103 1111 suspicaretur.
1149 1055 1423 1113 Adjectivum
1452 1055 1551 1100 vilis
1578 1056 1707 1112 igitur
1733 1063 1858 1112 putat
1884 1054 1970 1099 hoc
1990 1053 2091 1098 loco
2111 1052 2360 1110 significare

171 1108 299 1161 idem,
326 1108 442 1176 quod
469 1109 677 1165 vulyaris.
731 1110 821 1152 Sed
844 1110 991 1154 malim
1015 1111 1126 1154 haec
1153 1112 1290 1155 verba
1313 1111 1553 1167 explicare:
1581 1113 1663 1154 sub
1692 1110 1837 1153 forma
1862 1123 2160 1162 nummorum,
2195 1109 2271 1165 qui
2296 1110 2359 1151 vi·

170 1162 237 1207 les
265 1164 351 1207 dici
377 1172 582 1219 possunt,
614 1164 651 1207 si
680 1179 756 1207 eos
783 1180 882 1209 cum
910 1167 1008 1209 totis
1035 1167 1195 1210 massis
1224 1181 1464 1224 compares.

280 1229 350 1272 De
375 1236 503 1286 raptu
533 1229 655 1274 Pros.
683 1231 779 1275 Lib.
806 1232 838 1275 1.
863 1245 953 1276 vss.
981 1233 1176 1277 25—32.

716 1292 794 1328 Vos
820 1293 912 1329 mihi
940 1305 1130 1331 sacrarum
1160 1294 1370 1344 penetralia
1396 1293 1551 1343 paudite
1579 1305 1724 1338 rerum,

713 1345 765 1383 Et
791 1348 905 1384 vestri
932 1354 1078 1397 secreta
1103 1348 1193 1398 poli.
1248 1348 1336 1392 Qua
1360 1348 1535 1398 lampade
1561 1347 1690 1384 Ditem

714 1400 839 1438 Flexit
866 1403 1001 1447 Amor,
1038 1415 1113 1452 quo
1144 1397 1391 1439 ductaierox
1416 1402 1644 1453 Proserpina
1672 1407 1783 1453 raptu

717 1456 892 1494 Possedit
918 1457 1044 1494 dotale
1071 1457 1218 1502 Chaos,
1254 1465 1487 1508 quantasque
1516 1470 1585 1508 per
1612 1470 1697 1495 oras

720 1511 890 1550 Sollicito
918 1512 1080 1562 genitrix
1105 1513 1285 1550 erraverit
1312 1514 1423 1550 auxia
1450 1525 1573 1551 cursu.

719 1567 832 1605 Unde
859 1567 970 1606 datae
997 1568 1147 1619 populis
1170 1568 1274 1618 leges
1300 1575 1339 1605 et
1365 1568 1501 1618 glande
1529 1569 1662 1606 relicta

720 1622 889 1660 Cesserit
916 1624 1077 1661 inventis
1104 1623 1280 1661 Dodonia
1311 1636 1472 1673 quercus
1502 1624 1639 1662 aristis.

281 1685 352 1729 De
377 1685 524 1729 verbis
551 1686 753 1742 lampade
774 1685 897 1743 flexit
924 1686 1147 1728 Gesnerus
1165 1685 1289 1729 dicits
1319 1686 1546 1742 lampade
1569 1686 1743 1744 flectere
1764 1685 1840 1743 fila
1860 1685 2017 1741 ferrea
2042 1690 2083 1729 et
2111 1683 2278 1728 tubulos
2297 1686 2360 1729 vi-

171 1747 289 1784 treos
315 1743 453 1785 solent
478 1742 675 1796 artifices.
722 1741 813 1784 Sed
840 1755 898 1783 em
925 1741 1004 1783 Izoc
1032 1741 1156 1783 modo
1174 1742 1315 1784 Ditem
1334 1742 1503 1797 Cupido
1525 1742 1710 1798 flexerit,
1736 1743 1924 1785 viderint
1948 1753 2096 1783 manes
2119 1740 2359 1783 amiani.

171 1795 260 1840 Sed
296 1797 437 1837 virum
475 1797 771 1839 doctissimum
803 1795 987 1837 arbitror
1013 1795 1174 1837 nodum
1210 1796 1255 1837 in
1282 1796 1427 1851 scirpo
1455 1796 1739 1851 quaesivisse.
1803 1797 1922 1839 Sane
1958 1796 1998 1837 ei
2036 1795 2359 1837 concedendum

173 1857 251 1903 est,
281 1850 533 1917 Cupidinem
561 1865 650 1893 non
678 1852 828 1893 eodem
856 1851 983 1893 modo
1011 1849 1147 1893 corda
1173 1849 1393 1893 hominum
1433 1859 1474 1892 et
1509 1852 1689 1893 deorum
1715 1850 1892 1893 flectere
1917 1849 2120 1906 lampade
2145 1848 2219 1892 vel
2245 1848 2359 1900 face,

201 1920 258 1949 uo
286 1904 443 1948 artifex
469 1905 543 1949 fila
569 1906 723 1949 ferrea.
779 1905 868 1949 Sed
887 1919 976 1948 non
1002 1904 1218 1961 intelligo,
1250 1919 1330 1949 cur
1359 1910 1515 1962 poetae
1543 1920 1630 1948 non
1660 1905 1831 1948 licuerit
1857 1906 2023 1949 dicere:
2050 1918 2139 1961 qua
2154 1904 2361 1962 lampade

206 1961 294 2003 exit
318 1962 462 2003 Ditem
488 1962 636 2004 Amor.
660 1962 865 2004 Horatius
902 1961 963 2003 ait
988 1961 1069 2002 Od.
1098 1961 1178 2013 lll,
1209 1960 1260 2012 9,
1290 1961 1356 2003 13.
1409 1961 1484 2003 Me
1512 1968 1646 2003 torret
1671 1960 1771 2002 face
1799 1969 1950 2003 mutua
1975 1958 2139 2002 Calais.
2201 1961 2361 2003 Nonne

170 2016 302 2071 igitur
329 2017 414 2059 dici
439 2015 607 2058 licebit:
662 2016 844 2073 Lydiam
872 2015 1038 2071 Cupido
1066 2013 1165 2058 sace
1191 2015 1333 2069 flexit,
1361 2022 1408 2057 ut
1435 2014 1591 2058 Calain
1620 2016 1822 2058 arderet?
1868 2016 2019 2071 ltaque
2045 2013 2124 2058 fax
2150 2013 2225 2058 vel
2248 2014 2360 2058 lam·

202 2085 253 2115 as
282 2067 404 2115 amor
431 2071 526 2129 ipse
554 2071 637 2115 dici
668 2071 837 2129 poterit,
868 2077 909 2113 et
935 2071 1071 2114 verba
1105 2085 1191 2128 qua
1217 2071 1416 2128 lampade
1442 2072 1584 2115 Ditem
1607 2072 1728 2130 flexit
1754 2072 1890 2115 Amor
1926 2069 2035 2113 nihil
2074 2068 2194 2113 alind
2226 2071 2361 2128 signi-

171 2086 306 2172 sscant
334 2143 489 2185 quam:
520 2142 603 2185 quo
621 2141 767 2172 amore
785 2128 925 2172 Ditem
942 2127 1128 2170 incendit
1143 2131 1290 2170 Amor.
1346 2126 1546 2170 Ceterum
1568 2127 1759 2170 maxima
1775 2127 2063 2182 interpunctio
2079 2140 2224 2183 neque
2250 2128 2364 2170 inter

170 2184 308 2226 verba
330 2184 425 2240 poli
452 2191 494 2226 et
523 2198 609 2240 qua
641 2197 784 2240 neque
813 2190 911 2239 post
937 2196 1089 2226 vocem
1124 2195 1253 2225 cursu
1287 2180 1390 2225 ferri
1425 2189 1576 2238 potest.
1642 2183 1965 2226 Enumerantur
2004 2182 2121 2225 enim
2159 2194 2240 2225 eae
2274 2196 2362 2237 res,

171 2251 283 2295 quae
318 2248 366 2283 ut
394 2239 478 2282 sibi
518 2253 546 2282 a
574 2240 656 2282 diis
692 2238 937 2283 revelentur
973 2238 1090 2295 cupit
1127 2241 1269 2295 poeta.
1334 2238 1476 2281 Parva
1511 2238 1640 2294 igitur
1678 2238 1766 2280 inte
1821 2239 2026 2282 unctione
2065 2237 2238 2282 duobus
2273 2237 2362 2282 illis

169 2293 280 2337 locis
309 2297 517 2337 utendum
555 2302 630 2337 est.
695 2295 927 2338 Offendunt
962 2295 1135 2349 quidem
1170 2294 1391 2336 indicativi
1420 2294 1541 2336 flexit
1578 2302 1619 2336 et
1646 2307 1753 2349 poss
1809 2295 1864 2347 it,
1911 2295 1991 2337 sed
2029 2293 2085 2337 cf.
2115 2294 2362 2350 Gigantum.

170 2360 261 2393 vss.
291 2350 344 2392 17
381 2363 475 2407 sqq.

275 2416 379 2459 Vss.
409 2417 488 2459 111
519 2423 560 2459 et
588 2416 681 2459 112.

1260 2441 1471 2478 Primordia
1507 2448 1625 2479 testor

714 2498 846 2535 Noctis
875 2504 913 2535 et
938 2497 1148 2535 horrendae
1178 2504 1312 2549 stagna
1343 2498 1564 2534 intemerata
1591 2497 1753 2548 paludis.

274 2559 485 2602 Paludem
514 2573 612 2603 osse
638 2560 816 2616 Stygem
845 2562 1061 2603 neminem
1087 2559 1207 2614 fugit.
1264 2559 1384 2614 Virg.
1410 2560 1522 2603 Aen.
1550 2560 1636 2611 Vl,
1665 2559 1749 2603 323
1777 2568 1820 2604 et
1845 2561 1941 2605 324.

687 2647 691 2652 -
716 2621 849 2669 Cocyti
878 2628 1011 2670 stagna
1039 2620 1114 2657 alta
1141 2619 1246 2657 vides
1274 2619 1520 2669 Stygiamque
1545 2618 1745 2670 paludem,

715 2674 765 2712 Di
793 2675 898 2725 cujus
920 2675 1049 2725 jurare
1076 2675 1209 2712 timent
1237 2680 1276 2712 et
1301 2674 1435 2711 fallere
1461 2687 1613 2712 numen.

278 2737 336 2781 Hi
372 2751 529 2781 versus
565 2746 761 2782 nostrum
792 2736 937 2781 locum
973 2736 1204 2781 illustrant.
1270 2736 1494 2799 Gesnerus
1533 2738 1708 2792 quidem
1740 2738 2068 2793 interpretatur:
2110 2740 2359 2782 {uernam

169 2795 354 2847 nam,
395 2805 505 2850 quae
528 2794 658 2835 semel
691 2790 878 2848 trajecta
904 2805 1023 2835 nemo
1050 2792 1194 2835 rediit.
1258 2791 1374 2835 Nom
1407 2796 1620 2835 teinerare
1652 2798 1720 2839 est
1745 2806 1989 2850 quocunque
2022 2794 2150 2837 modo
2179 2793 2358 2836 violare.

168 2845 367 2907 Apparet
393 2856 560 2899 autem,
601 2846 889 2891 Claudianum
916 2855 1074 2903 stagna
1099 2848 1357 2895 intemerata
1390 2846 1556 2890 dixisse
1574 2862 1745 2902 ¹numen
1771 2856 2030 2904 stagnorum
2057 2849 2358 2892 intemeratum

166 2915 309 2959 neque
337 2903 393 2946 de
419 2904 584 2948 umbris
610 2902 969 2949 irremeabilibus
998 2903 1229 2961 cogitasse.
2024 2961 2082 3000 2*

2435 501 2441 796 —0-<‹--«0,0-—-—
2437 247 2447 494 .--..-.-.»,Ἷ,

2405 3014 2457 3065 ⁴*
