2546 3210
1212 249 1335 298 XVI

280 394 522 450 Epistulam
547 393 754 448 primam,
793 393 865 435 oui
891 394 1117 449 inscriptio
1147 401 1212 437 est
1240 394 1297 437 ad
1325 393 1616 445 Hadrianum,
1651 393 1894 449 Koenigius
1921 400 2069 437 censet
2083 392 2367 437 multummf·

170 450 382 496 fensionis
400 450 573 492 habere.
628 448 859 504 Apparere
877 449 993 492 enim
1020 449 1135 500 dicit,
1165 449 1420 505 scriptorem
1436 447 1734 491 Alexandriae
1761 450 1928 492 vixisse
1946 462 2010 491 ex
2036 449 2174 492 v..56=
2202 450 2368 492 Audiat

92 551 94 564 ¹
171 507 251 550 hoc
278 519 487 549 commune
512 505 646 547 solum
672 505 879 561 lonqeque
915 507 1081 548 carinis
1109 505 1230 546 Nota
1260 504 1445 547 Pharos.
1501 504 1589 547 Sed
1619 495 1673 545 ex
1699 503 1769 547 his
1798 505 1946 547 verbis
1971 504 2058 548 hoc
2082 511 2250 547 tantum
2277 502 2367 546 col-

170 561 249 617 ligi
277 568 437 617 potest,
482 566 523 601 et
549 559 776 625 scriptoris
808 567 850 603 et
883 560 1001 617 ejus,
1044 560 1100 603 ad
1130 572 1259 614 quem
1289 558 1473 614 epistola
1509 559 1673 615 scripta
1709 566 1796 612 est,
1833 558 2149 603 Alexandriam
2183 559 2368 616 patriam

92 614 95 654 ἐ
170 616 318 660 fuisse.
374 615 545 658 Pharos
589 628 704 656 enim
739 613 825 657 hoc
867 617 1018 658 audire
1050 614 1209 671 potuit,
1253 618 1385 670 poeta
1421 613 1588 658 Romae
1623 614 1697 656 vel
1732 615 1908 658 omnino
1946 615 1991 656 in
2027 615 2154 658 ltalia
2181 615 2394 658 vivente.'

92 686 95 734 ᾗ
165 671 410 727 -Koenigius
438 671 499 714 ita
525 670 690 726 pergitz
720 684 854 728 neque
880 683 955 714 res
985 671 1061 713 illa
1088 670 1288 715 accidere
1320 671 1462 727 poluit
1491 669 1718 714 Stilichone
1746 670 1871 722 vivo,
1912 670 2014 727 quia
2048 675 2180 727 poe'ta
2219 674 2368 714 noster

93 735 95 764 i
170 729 214 770 in
242 728 357 769 illius
379 727 668 782 potentissimi
694 728 781 769 υἰνὶ
812 729 943 769 tutela
974 731 1094 776 erat,
1122 739 1255 781 neque
1275 731 1382 781 post
1409 726 1653 770 Stilichonis
1682 732 1880 776 mortem,
1908 739 1991 782 quo
2019 732 2208 782 tempore
2240 727 2367 771 Glana-

92 815 94 833 2
170 783 327 826 dianus
355 783 521 825 ardore
549 782 701 825 saltem
719 780 905 837 juvenili
932 782 1088 837 impelli
1116 794 1201 824 non
1227 786 1402 837 poterat
1433 782 1496 824 ad
1517 793 1743 838 procerem
1773 782 1951 838 aliquem
1977 782 2219 824 violandum
2246 782 2310 834 (υ.
2335 780 2370 824 6

92 843 94 877 3
170 843 211 881 et
240 837 274 881 7
299 850 363 880 me
393 839 523 880 dolor
550 839 784 887 incautum,
811 851 877 880 me
903 837 1067 880 lubrica
1097 837 1270 880 duxerit
1299 842 1435 880 aetas.
1483 838 1562 880 Me
1588 843 1728 880 tumor
1752 838 1982 892 impulerit,
2008 850 2072 879 me
2099 838 2249 880 devitu
2273 850 2367 893 eye·

169 895 230 936 rit
260 894 446 960 ardor).
461 893 549 936 nisi
587 893 713 935 dicas
733 891 897 948 factum
938 892 1016 934 hoc
1048 905 1142 934 esse
1169 891 1400 935 Stilichone
1427 892 1567 935 adhuc
1596 895 1694 935 vivo
1738 898 1778 935 et
1807 893 2080 935 Hadrianum
2106 893 2218 934 iram
2244 904 2366 934 suam

91 959 94 971 ⁵
171 950 393 992 distulisse
429 962 476 991 m
503 949 759 991 commodum
795 954 968 1002 tempus.
1036 946 1285 991 Verisimile
1323 955 1389 990 est
1422 948 1566 991 statim
1596 943 1703 1004 ‘post
1733 947 1984 992 Stilichonis
2022 948 2204 990 caedem
2235 945 2367 990 Clau·

170 1005 352 1046 dianum
388 1017 565 1070 quoque
605 1004 661 1045 ab
699 1003 882 1044 inimicis
910 1002 1091 1044 fautoris
1132 1003 1200 1044 sui
1238 1002 1510 1046 interfectum
1539 1017 1659 1053 esse,
1697 1017 1830 1059 quum
1859 1003 2079 1056 legamus,
2117 1002 2368 1058 Olympium

171 1073 325 1102 omnes
353 1058 606 1102 Stilichonis
635 1058 799 1101 amicos
827 1071 962 1099 saevo
992 1071 1090 1099 cum
1119 1058 1260 1100 studio
1288 1066 1563 1113 persecutum
1594 1072 1703 1101 esse.
1759 1057 1824 1101 Cf.
1853 1058 2041 1101 Gibboni
2068 1058 2253 1101 Decline
2281 1057 2367 1101 and

170 1114 252 1158 fall
283 1113 338 1157 cf.
368 1114 442 1157 the
471 1114 640 1157 Roman
671 1113 826 1169 lmpire
849 1125 963 1155 vers.
994 1111 1252 1165 Theodisca,
1283 1126 1397 1168 quae
1424 1113 1600 1168 Lipsiae
1628 1113 1800 1169 prodiit,
1831 1114 1950 1156 Tom.
1984 1113 2074 1166 Vll,
2102 1128 2146 1168 p.
2164 1112 2248 1156 319
2274 1125 2367 1169 sqq.

170 1173 322 1227 ltaque
350 1171 646 1225 quaerendum
684 1176 769 1221 est,
804 1169 1046 1210 num1vivo
1075 1168 1314 1210 Stilichone
1341 1167 1611 1211 Claudianus
1651 1168 1765 1210 hanc
1803 1168 2026 1224 epistolam
2064 1168 2256 1224 scribere
2290 1182 2368 1224 po-

171 1226 313 1270 tuerit.
370 1225 608 1281 Koenigius
635 1231 753 1266 recte
778 1223 894 1276 dicit,
925 1221 1214 1266 Claudianum
1235 1223 1330 1280 jam
1358 1237 1475 1267 anno
1502 1223 1586 1267 394
1612 1223 1656 1265 in
1685 1223 1810 1267 ltalia
1837 1222 1986 1267 fuisse.
2030 1224 2146 1267 Nam
2171 1236 2194 1266 s
2251 1223 2370 1267 uenti

175 1296 292 1326 anno
319 1282 492 1323 Probini
525 1288 566 1323 et
593 1279 761 1336 Olybrii
790 1278 1059 1322 consulatum
1089 1279 1256 1322 Romae
1285 1279 1479 1322 carmine
1506 1278 1756 1323 celebravit.
1811 1280 1860 1322 ln
1888 1279 1974 1323 hoc
2000 1288 2145 1323 autem
2167 1280 2230 1323 Sti
2250 1278 2386 1322 ‘eho-‘

170 1339 241 1381 nis
271 1336 395 1380 nulla
422 1336 579 1378 mentio
608 1335 667 1377 fit.
694 1336 922 1388 Laudatur
957 1342 1101 1378 tamen
1139 1335 1322 1379 Stilicho
1360 1336 1405 1378 in
1444 1336 1638 1379 carmine
1672 1335 1882 1393 inscripto
1923 1336 1978 1379 de
2021 1336 2110 1380 111.
2147 1336 2370 1380 consulatu

170 1393 354 1438 Honcrii
382 1399 422 1435 et
448 1392 627 1435 recitato
661 1404 700 1433 a.
729 1390 823 1433 396.
878 1391 986 1433 Jure
1022 1404 1077 1433 ex
1117 1390 1187 1434 his
1216 1391 1319 1433 mihi
1346 1391 1588 1447 Koenigius
1617 1390 1824 1447 colligere
1851 1393 2041 1444 videtur,
2079 1391 2371 1434 Claudianum

171 1450 342 1491 demum
370 1461 410 1490 a.
452 1448 535 1489 395
605 1454 674 1489 ost
713 1446 945 1488 Theodosii
981 1454 1162 1489 mortem
1194 1446 1421 1489 stilichoni
1452 1448 1797 1499 commendatum
1829 1455 1870 1489 et
1898 1447 2191 1490 Mediolanum
2218 1448 2263 1488 in
2286 1451 2371 1488 'au-

170 1503 260 1546 lam
289 1502 544 1545 arcessitum
591 1501 721 1543 uisse.
776 1501 983 1543 Fortasse
1011 1515 1189 1543 carmen
1215 1502 1358 1557 ipsum
1388 1503 1443 1543 de
1469 1502 1525 1543 111
1555 1516 1674 1545 cons.
1703 1502 1814 1544 Hon.
1843 1501 1999 1550 effecit,
2025 1509 2074 1544 ut
2099 1501 2369 1544 Claudianus

169 1559 215 1602 in
244 1556 346 1601 aula
373 1556 692 1600 Mediolanensi
728 1556 1011 1609 retineretur,
1066 1556 1103 1598 si
1131 1568 1284 1599 verum
1316 1563 1406 1608 est,
1442 1557 1557 1612 quod
1585 1561 1715 1613 poeta
1742 1557 1787 1598 in
1818 1556 2088 1612 praefatione
2114 1556 2246 1624 hujus
2275 1569 2369 1598 car·

169 1614 300 1655 minis
329 1613 433 1654 dicit
461 1619 504 1653 et
530 1612 606 1654 vix
633 1611 820 1652 dubitari
856 1618 1019 1665 potest,
1056 1624 1107 1653 se
1134 1625 1163 1654 a
1189 1619 1346 1654 senatu
1376 1612 1572 1655 Romano
1607 1613 1665 1654 ad
1701 1612 2008 1668 imperatorem
2045 1625 2238 1655 carmine
2268 1625 2369 1667 gra-

170 1667 365 1729 tulatum·
384 1667 566 1710 missum
588 1678 688 1709 esse
716 1680 805 1708 vss.
836 1665 1038 1709 15—19:

725 1747 788 1784 Me
820 1759 968 1797 quoque
998 1747 1132 1784 Pieriis
1163 1754 1347 1785 tentatum
1380 1748 1528 1799 saepius
1561 1750 1678 1786 antris

725 1802 849 1838 Audet
879 1816 1014 1851 magna
1045 1816 1112 1840 suo
1143 1805 1291 1841 mittere
1320 1805 1440 1840 Roma
1470 1804 1563 1842 Deo.

725 1857 809 1894 Jam
837 1857 1006 1895 dominas
1037 1870 1165 1903 aures,
1200 1858 1278 1908 jam
1310 1859 1413 1909 regia
1442 1864 1540 1897 tecta
1569 1870 1774 1905 meremur,

727 1913 777 1949 Et
804 1913 929 1961 chelys
958 1915 1126 1963 Augusto
1149 1914 1276 1962 judice
1305 1921 1433 1951 nostra
1464 1921 1585 1953 sonat.

288 1989 419 2032 Anno
450 1988 535 2029 400
563 1991 692 2043 poeta
721 1985 1039 2043 Panegyricum
1067 1987 1121 2029 de
1149 1986 1402 2032 Stilichonis
1440 1986 1670 2031 consulatu
1708 1989 1960 2045 composuit.
2015 1989 2065 2032 ln
2101 1988 2372 2046 praefatione

176 2046 320 2088 virum
347 2043 468 2085 illum
497 2056 596 2085 cum
625 2042 829 2097 Scipione
856 2055 991 2097 seque
1019 2056 1117 2084 cum
1145 2043 1286 2086 Eunio
1314 2044 1598 2100 comparavit,
1623 2058 1711 2087 vss.
1738 2043 1945 2088 21-23:

727 2113 865 2150 Noster
893 2112 1088 2163 Scipiades
1119 2112 1276 2151 Stilicho
1304 2134 1358 2141 —-

726 2169 786 2204 Te
816 2168 904 2204 mihi
935 2174 1020 2219 post
1051 2169 1184 2217 quinos
1213 2181 1417 2214 annornm,
1457 2169 1597 2214 Roma,
1618 2182 1802 2223 'recursus

723 2223 923 2268 Reddidit,
963 2230 1001 2259 et
1030 2225 1123 2260 votis
1148 2224 1260 2272 jussit
1287 2225 1419 2262 adesse
1449 2226 1537 2263 suis.

292 2298 443 2353 Itaque
473 2295 648 2339 dubium
680 2309 776 2339 esse
806 2309 893 2338 non
922 2302 1086 2351 potest,
1115 2294 1219 2352 quin
1247 2310 1327 2353 per
1354 2296 1436 2341 hos
1465 2296 1656 2356 quinque
1684 2311 1824 2343 annos
1849 2301 1979 2356 poeta
2005 2295 2245 2342 Mediolani
2275 2310 2372 2342 ver-

178 2362 301 2397 satus
333 2361 375 2394 et
402 2352 680 2395 Stilichonem
707 2351 930 2393 consulem
962 2352 1141 2394 Romam
1170 2354 1397 2395 comitatus
1425 2354 1492 2395 sit.
2029 2370 2032 2371 ⁷

288 2410 444 2451 Nonne
470 2421 574 2449 vero
606 2406 787 2461 epistola
815 2415 965 2449 nostra
1004 2415 1105 2449 ante
1143 2422 1307 2450 annum
1340 2408 1423 2452 395
1454 2409 1616 2464 scripta
1653 2422 1752 2452 esse
1778 2409 1950 2465 potest?
1994 2422 2128 2463 quum
2156 2422 2243 2451 non
2270 2422 2372 2451 con-

178 2470 287 2517 stet,
325 2477 410 2519 quo
453 2475 569 2505 anno
606 2465 735 2519 poeta
762 2462 944 2505 Romam
973 2462 1170 2506 venerit?
1216 2463 1424 2509 Fortasse
1451 2468 1581 2520 poeta
1607 2463 1794 2509 Romam
1821 2463 2122 2508 Alexandrino
2150 2464 2374 2507 Hadriano

174 2529 355 2563 auctore
391 2518 593 2572 migravit
629 2520 807 2573 ejusque
850 2520 992 2574 gratia
1029 2519 1100 2560 liic
1142 2518 1299 2561 floruit.
1354 2520 1422 2562 Ex
1461 2520 1642 2575 epistola
1680 2528 1831 2563 nostra
1868 2528 2070 2575 apparet,
2105 2520 2374 2562 Hadrianum

176 2577 347 2618 Romae
390 2573 732 2628 potentissimum
774 2573 920 2616 fuisse.
977 2575 1185 2617 Fortasse
1225 2573 1478 2617 Praefectus
1517 2575 1649 2620 Urbis
1689 2574 1781 2619 fuit.
1836 2576 1949 2618 Nam
1994 2573 2374 2631 Prosopographia

170 2631 285 2676 Cod.
314 2628 476 2673 Theod.
504 2626 842 2672 Gothofrediana
870 2629 1140 2674 Hadrianum
1165 2629 1426 2686 Magistrum
1455 2629 1696 2676 officiorum
1723 2631 1838 2675 intra
1866 2629 1920 2682 A.
1949 2629 2005 2673 D.
2031 2630 2113 2674 397
2127 2630 2270 2674 -405
2296 2629 2374 2674 ha-

175 2689 260 2730 bet.
316 2685 497 2782 Conszat
523 2693 666 2726 autem
693 2685 903 2728 Praefecti
939 2687 1175 2742 potentiam
1205 2686 1372 2729 Romae
1413 2688 1596 2730 eandem
1632 2687 1792 2739 fuisse,
1835 2700 1924 2741 qua
1962 2686 2177 2729 Praefecti
2203 2686 2249 2727 in
2272 2701 2373 2742 pro·

175 2742 335 2791 vinciis
364 2749 436 2784 ute
469 2749 606 2784 antur.
1724 2767 1726 2769 ,
2159 2759 2161 2762 .

285 2798 377 2841 Sed
406 2797 508 2853 quid
535 2800 664 2852 poeta
694 2797 965 2850 commiserit,
992 2807 1039 2842 ut
1068 2799 1279 2842 Hadriani
1307 2799 1418 2841 iram
1446 2808 1662 2852 moveret,
1693 2812 1749 2841 ex
1778 2797 1960 2853 epistola
1987 2798 2086 2854 ipsa
2110 2811 2199 2840 non
2225 2796 2374 2854 liquet.

175 2855 384 2898 Fortasse
411 2853 506 2910 ejus
534 2852 662 2895 amici
691 2853 826 2909 impia
852 2855 987 2897 verba
1014 2856 1057 2897 in
1076 2855 1232 2898 :Deum
1252 2855 1556 2911 jactaverant,
1595 2855 1796 2911 idemque
1826 2854 1988 2898 crimen
2015 2857 2174 2910 postas
2202 2867 2376 2911 quoque

175 2911 393 2967 objectum
423 2916 499 2951 ost.
556 2909 676 2951 Haec
703 2910 875 2964 quidem
902 2913 1115 2955 sententia
1140 2911 1224 2954 sub
1254 2911 1401 2953 verbis
1429 2926 1472 2955 v.
1500 2912 1554 2954 21
1591 2923 1871 2967 quemcumque
1907 2912 2096 2954 Deorum
2134 2909 2375 2961 Loesium,
2450 2944 2453 2947 -

729 3014 2478 3065 &mm-*w*

2146 3106 2151 3115 ,
