2546 3210
277 374 618 432 Epithalamium
654 373 765 417 Pall.
795 380 838 416 et
866 374 1010 418 Celer.
1066 376 1169 419 VsS.
1197 376 1375 418 44-46.
2436 252 2444 391 i

936 445 1211 496 Nunquamne,
1232 448 1356 497 puer,
1383 444 1519 482 dilecta
1547 445 1738 496 relinques

717 498 929 539 Carmina?
960 502 1137 539 maternis
1169 513 1362 552 nunquam
1392 500 1577 538 satiabere
1606 499 1738 545 (lonis,

716 555 859 593 Dedite
885 557 1079 593 Musarum
1108 555 1253 601 studio,
1285 557 1517 605 nimiumque
1545 556 1715 605 parentis

718 608 906 648 Aemule?

281 662 401 705 Haec
428 661 568 704 verba
605 668 710 704 sunt
738 660 924 704 Veneris
953 663 1253 718 Hymenaeum
1292 661 1566 718 alloquentis.
1630 661 1700 704 Ad
1739 659 2003 703 vocabulum
2030 663 2231 716 parentis
2258 661 2370 704 Ges-

172 731 302 761 nerus
331 716 445 759 haec
472 714 687 772 disputatz
718 716 947 760 Par-entem
970 723 1150 760 matrem
1177 718 1400 774 intelliyit?
1431 717 1522 761 Sed
1547 722 1686 759 tamen
1712 715 1912 760 Bacchus
1938 729 2117 773 quoque,
2144 730 2263 773 quem
2284 729 2369 773 pa-

170 781 275 817 trem
312 773 486 828 quidam
522 774 751 829 assiqnant
779 773 830 815 H
889 786 1046 823 enaeo,
1082 773 1267 815 musicus
1294 778 1360 815 est
1397 779 1448 824 et(
1465 778 1582 815 amat
1607 772 1750 814 tibias.
1807 771 2031 814 Gesnerus
2057 779 2204 815 autem
2242 779 2371 826 errat,

170 830 208 872 si
223 833 396 884 poetam
413 835 536 885 putat
555 828 810 885 Hymenaeo
869 827 1048 872 acc-hum
1077 836 1244 884 patrem
1274 835 1317 871 et
1340 828 1554 871 Venerem
1576 835 1757 871 matrem
1784 827 2024 883 assignare.
2079 825 2371 871 Claudianum

171 885 286 928 enim
314 898 391 928 eos
419 892 597 928 secutos
623 897 746 935 esse,
774 885 847 940 qui
877 891 1068 928 statuunt
1090 884 1389 941 Hymenaeum
1417 883 1553 927 filium
1581 897 1678 927 esse
1704 882 1924 939 Apollinis
1955 889 1996 925 et
2025 881 2264 940 Calliopes,
2292 897 2370 941 ap-

171 947 297 998 paret
327 954 384 982 ex
414 954 550 983 versu
578 940 648 993 31,
685 940 760 982 ubi
788 945 920 996 poeta
948 940 1249 996 Hymenaeum
1276 940 1407 984 Musa
1434 940 1627 997 genitum
1655 947 1797 983 vocat.

281 996 331 1038 ln
355 997 536 1052 Eutrop.
563 996 660 1039 Lib.
689 996 720 1037 l.
807 996 907 1037 Vss.
935 996 1169 1038 346—349.

724 1065 844 1103 Fama
870 1066 975 1116 prius
1002 1065 1099 1104 salso
1128 1066 1284 1110 similis,
1315 1078 1488 1116 vanoque
1517 1065 1636 1104 videri

727 1120 834 1157 Ficta
858 1121 966 1170 joco,
993 1120 1113 1157 levior
1139 1121 1296 1158 volitare
1322 1132 1392 1171 per
1419 1120 1560 1172 oppida
1591 1133 1739 1167 rumor,

722 1174 927 1225 Riderique
955 1175 1083 1213 nefas:
1114 1176 1228 1213 veluti
1257 1176 1492 1225 nigrantibus
1522 1176 1593 1212 alis

723 1230 926 1267 Audiretur
955 1231 1055 1275 olor,
1093 1242 1205 1268 corvo
1234 1236 1403 1269 certante
1434 1231 1611 1281 ligustris.

282 1294 420 1338 Fama
446 1308 509 1336 sc.
540 1293 596 1335 de
623 1291 850 1335 consulatu
878 1293 935 1334 ab
963 1292 1172 1347 Eutropio
1198 1293 1395 1347 spadone
1422 1292 1552 1335 adito.
1610 1292 1757 1335 Verba
1782 1294 1912 1336 veluti
1923 1319 1975 1325 —-
1989 1294 2187 1350 ligustris
2210 1293 2374 1336 Koeni-
2443 1284 2447 1328 ἕ

174 1351 274 1406 gius
313 1350 377 1393 sic
406 1350 734 1404 interpretatur:
775 1348 904 1391 veluti
941 1348 1169 1390 audiretur
1195 1360 1336 1390 sermo
1365 1348 1419 1390 de
1445 1349 1591 1397 olore,
1630 1361 1763 1391 corvo
1788 1348 2081 1404 subintellige.-
2123 1349 2191 1390 de.
2244 1348 2372 1391 Arbi-
2443 1334 2447 1413 ι

175 1413 266 1448 tror
302 1411 444 1446 tamen
472 1403 763 1447 Claudianum
796 1415 886 1445 non
917 1415 1127 1445 ausurum
1164 1400 1302 1445 fuisse
1340 1402 1486 1445 dicere
1513 1402 1668 1446 audire
1695 1415 1828 1446 corvo
1853 1416 1934 1459 pro
1961 1403 2117 1447 audire
2145 1403 2201 1447 de
2229 1416 2374 1447 corvo.
2443 1418 2448 1435 0

178 1460 228 1505 Si
254 1473 360 1503 vero
387 1460 589 1504 statueris
618 1459 754 1502 verba
791 1471 923 1502 corvo
961 1464 1154 1501 certante
1181 1459 1377 1513 ligustris
1413 1472 1510 1500 esse
1548 1457 1762 1502 ablativos
1793 1457 2040 1512 absolutos,
2081 1459 2135 1501 de
2162 1459 2375 1502 sententia
2444 1451 2448 1489 l

176 1515 417 1559 laborabis.
471 1515 586 1566 Quid
615 1514 729 1557 enim
755 1513 841 1556 hoc
877 1514 961 1557 sibi
990 1512 1104 1557 vult:
1144 1513 1279 1557 veluti
1308 1514 1529 1557 audiretur
1561 1528 1705 1557 sermo
1743 1515 1799 1557 de
1826 1513 1948 1558 olore
1975 1514 2249 1571 nigrantibus
2276 1513 2375 1568 aIiS,

181 1573 285 1615 dum
312 1584 471 1614 corvus
501 1577 638 1614 certat
662 1569 886 1625 ligustris?
914 1570 1222 1624 Proposuerim
1251 1570 1546 1626 conjecturam
1572 1571 1680 1614 collo
1705 1584 1785 1626 pro
1814 1583 1959 1614 corvo.

293 1626 362 1671 De
389 1625 521 1670 Cous.
549 1624 717 1671 Stilich.
744 1625 841 1668 Lib.
870 1625 940 1668 111.
990 1625 1093 1668 Vss.
1123 1625 1352 1669 125-130.

732 1696 807 1734 Per
835 1708 947 1746 quem
975 1695 1094 1733 fracta
1120 1695 1205 1741 diu,
1236 1696 1492 1746 translataque
1518 1709 1641 1747 paene
1665 1703 1858 1747 potestas,

732 1752 821 1787 Non
850 1752 966 1787 oblita
993 1753 1070 1795 sui,
1110 1752 1305 1787 servilibus
1334 1751 1480 1787 exsulat
1507 1752 1629 1796 arvis;

730 1806 774 1843 ln
798 1806 993 1856 proprium
1022 1805 1088 1842 sed
1116 1805 1228 1842 ducta
1255 1805 1414 1850 Larem,
1454 1805 1619 1842 victricia
1647 1805 1771 1843 reddit
2448 1812 2453 1859 3

730 1861 826 1897 Fata
854 1861 953 1904 solo,
992 1860 1203 1910 fruiturque
1232 1861 1388 1904 iterum,
1417 1860 1552 1910 quibus
1580 1860 1754 1897 haeserat
1781 1861 1871 1898 olim

729 1915 936 1966 Auspiciis,
974 1916 1163 1966 capitique
1192 1915 1357 1953 errantia
1384 1916 1553 1952 membra
1582 1916 1741 1965 reponit.

296 1978 519 2021 Gesnerus
546 1977 658 2020 haec
684 1978 1006 2020 animadvertit:
1037 1976 1129 2019 Per
1157 1975 1425 2020 Stilichonem
1450 1981 1650 2031 potestas
1674 1976 1888 2028 Senatus,
1908 1991 2050 2033 paene
2079 1979 2379 2033 Constantino·

182 2033 307 2090 polin
332 2034 578 2083 translata,
614 2046 699 2075 non
721 2034 856 2088 plane
883 2034 954 2075 sui
979 2031 1112 2075 oblita
1140 2037 1230 2082 est,
1264 2033 1345 2074 sed
1369 2031 1598 2074 servilibus
1626 2033 1791 2089 quidem
1823 2033 2015 2077 offeratis
2042 2035 2167 2077 arvis
2194 2035 2383 2087 exsulat,

187 2101 331 2132 verum
365 2090 410 2132 in
445 2102 564 2132 suum
598 2089 691 2132 ant·
745 2102 813 2131 um
841 2089 1099 2132 domicilium
1121 2088 1300 2131 Romam
1329 2088 1511 2130 reducta
1544 2093 1631 2138 est,
1668 2093 1709 2130 et
1735 2087 1933 2155 adjuuqit
1969 2090 2132 2146 capiti,
2169 2092 2383 2146 Auyusto,

187 2144 373 2187 membra
391 2144 647 2199 reipublicae
705 2145 891 2188 isti-acta
920 2144 1061 2186 adhuc
1090 2149 1130 2185 et
1161 2145 1370 2186 ern-antia.
1411 2143 1523 2186 Huic
1550 2143 1889 2200 interpretationi
1915 2145 2203 2202 interpunctio
2222 2160 2251 2189 a
2268 2145 2379 2189 Ges-
2449 2148 2452 2195 ἰ

188 2214 296 2243 nero
323 2198 443 2242 illata
469 2201 712 2255 respondet.
768 2200 810 2243 ls
838 2214 943 2243 vero
972 2198 1076 2241 mihi
1104 2200 1149 2241 in
1179 2213 1229 2242 eo
1257 2200 1428 2242 videtur
1458 2212 1646 2251 errasse,
1676 2201 1790 2255 quod
1820 2200 2078 2255 particulam
2100 2201 2294 2257 negandi
2320 2202 2379 2244 ad

188 2255 465 2314 participium
487 2254 618 2299 oblita
644 2255 784 2299 solum
810 2255 981 2309 retulit,
1016 2269 1148 2311 quam
1176 2255 1374 2311 equidem
1410 2255 1511 2298 item
1539 2268 1637 2298 cum
1666 2255 1800 2299 verbo
1834 2258 2002 2301 exsulat
2029 2257 2383 2313 conjungendam-

190 2324 364 2355 censeo.
417 2311 481 2352 lta
511 2324 567 2352 ue
592 2326 634 2353 v.
664 2312 744 2354 126
772 2312 1131 2367 interpunctionis
1159 2312 1331 2365 signum
1359 2317 1461 2367 post
1485 2312 1555 2353 sui
1579 2310 1810 2353 delendum
1838 2312 1930 2354 erit.
1986 2314 2085 2362 Quo
2120 2311 2237 2355 facto
2266 2311 2380 2355 haec

190 2367 237 2410 in
264 2364 353 2409 illis
380 2366 496 2409 versi
526 2380 578 2408 us
605 2366 773 2409 videtur
802 2367 948 2413 inesse
977 2366 1213 2410 sententia:-
1260 2366 1344 2409 Per
1372 2364 1655 2410 Stilichonem
1681 2364 1842 2410 factum
1882 2374 1969 2421 est,
2011 2375 2059 2410 ut
2084 2375 2277 2423 potestas
2301 2368 2380 2410 im-

191 2423 302 2478 perii
328 2421 517 2463 Romani
542 2423 650 2474 (non
678 2423 887 2477 Senatus)
926 2423 972 2463 in
1009 2421 1242 2464 servilibus
1280 2423 1398 2464 arvis
1426 2422 1510 2474 (sc.
1540 2422 1752 2475 Orientis,
1792 2423 1917 2479 cujus
1943 2430 2136 2465 rectores
2163 2436 2205 2466 v.
2231 2423 2286 2467 81
2314 2422 2380 2466 fa-

191 2477 299 2520 muli
325 2475 494 2519 Romae
522 2478 752 2531 vocantur)
781 2492 867 2521 non
898 2475 1081 2529 exsulet,
1109 2477 1188 2519 sed
1220 2485 1298 2520 etc.
1355 2476 1503 2520 Oblita
1529 2477 1598 2518 sui
1630 2478 1743 2519 enim
1773 2485 1890 2520 esset
1912 2485 2103 2534 potestas
2130 2478 2314 2535 imperii,
2342 2478 2382 2520 si

193 2531 569 2631 Conszantinssploli
593 2531 830 2630 {geg-ulam&
884 2533 968 2576 Per
991 2539 1124 2588 caput
1140 2541 1283 2576 autem
1298 2532 1482 2577 Romam
1505 2546 1638 2588 quam
1659 2533 1905 2589 Augustum
1932 2531 2115 2590 intelligi
2141 2534 2386 2577 maluerim.

348 2601 407 2630 ss.
532 2613 582 2619 —

153 1241 158 1244 ,
142 1146 154 1155 Ι

2449 2319 2454 2455 -..-.--
2449 2285 2453 2314 .-
2449 2260 2457 2277 .,
2449 2223 2452 2254 -..
2449 2198 2453 2218 ⁷

955 2615 1044 2652 Tua
1072 2615 1183 2665 copia
1211 2615 1324 2652 vincit

743 2670 901 2706 Fontem
928 2671 1078 2715 Hermi,
1107 2676 1321 2719 tactumque
1349 2670 1497 2714 Midae,
1525 2670 1766 2721 pluviamque
1795 2671 1993 2708 Tonantis.

744 2722 930 2762 Obscurat
960 2732 1120 2770 veteres,
1160 2726 1446 2775 obscurabitque
1474 2725 1620 2763 suturas

742 2779 818 2815 Par
845 2779 952 2815 donis
980 2781 1168 2830 armisque
1194 2792 1339 2817 manus.
1391 2781 1434 2817 Si
1462 2780 1624 2818 solveret
1650 2781 1769 2830 ignis,

744 2834 850 2878 Quas
880 2833 983 2871 dedit
1008 2835 1196 2872 immanes·
1217 2835 1282 2872 vili
1309 2836 1377 2872 sub
1404 2835 1593 2885 pondere,
1628 2846 1795 2872 massas:

744 2889 899 2940 Argenti
922 2895 1077 2941 potuere
1104 2890 1208 2928 lacus
1239 2895 1277 2929 et
1305 2890 1461 2929 flumina
1486 2889 1608 2929 fundi.

89 2897 2487 3047 ‚lm-‚a
