2546 3210
66 218 289 266 *—m--.-
301 239 416 242 mm„
442 235 974 242 --—-...—.-.-.-.-

1208 267 1332 316 VIII

284 413 383 456 Vss.
415 410 638 455 107-114.

716 469 877 520 Semper
903 472 951 507 ab
978 471 1038 508 his
1067 470 1190 507 famae
1217 470 1361 521 petiere
1389 467 1558 519 (Patres)
1583 470 1747 519 insignia
1775 468 1902 514 bellis,

716 524 828 567 Quae
855 525 1004 562 diversa
1031 525 1161 575 ‘procul
1188 530 1270 561 tuto
1296 530 1400 561 trans
1427 536 1592 572 aequora
1622 525 1721 560 vires

714 577 905 617 Exercere
932 579 1083 617 dabant.
1137 578 1280 616 Currus
1306 589 1511 630 regumque
1538 583 1712 616 catervae

716 634 822 669 Inter
852 634 1079 670 abundantis
1108 633 1178 669 sati
1206 633 1369 669 ludibria
1397 633 1544 670 ductae.

719 688 769 725 At
798 701 887 727 vero
917 688 1063 727 Italiam
1092 687 1240 739 quoties
1268 687 1514 727 circumstetit
1541 693 1649 726 atrox

721 743 948 795 Tempestas
979 744 1175 795 ipsumque
1203 749 1317 794 caput
1344 743 1494 780 laesura
1520 742 1723 796 pependit3

721 798 809 834 Non
842 800 916 835 illis
946 800 1031 835 vani
1060 800 1155 835 ratio
1183 805 1338 835 ventosa
1366 798 1527 843 favoris,
1555 812 1570 822 *

722 851 800 891 Sed
827 853 989 905 graviter
1017 858 1184 905 spectata
1210 852 1323 899 salus,
1353 850 1560 905 ductorque
1587 852 1781 905 placebat,
1813 857 1883 891 etc.

277 927 413 969 Poeta
440 923 740 978 Stilichonem,
770 927 885 982 quod
913 926 1094 968 inclusis
1122 926 1244 968 Getis
1272 924 1405 982 fugae
1427 927 1701 969 occasionem
1728 926 1976 983 praebuerit
2006 924 2208 982 exemplo
2234 937 2262 966 a
2290 937 2365 967 ve-

168 981 334 1025 teribus
362 981 497 1036 petito
519 988 713 1030 excusat,
771 982 816 1023 ui
836 996 1010 1036 semper
1037 982 1202 1024 cautius
1228 995 1324 1023 rem
1341 989 1494 1024 contra
1518 981 1668 1025 hostes
1685 981 1857 1024 ltaliam
1882 982 2106 1047 ingressos
2134 980 2365 1036 gesserint,

169 1037 450 1093 externisque
477 1042 645 1078 tantum
672 995 799 1079 bellis
834 1036 968 1079 duces
996 1035 1256 1092 triumphum
1284 1036 1482 1080 curribus
1509 1049 1751 1132 regumque
1785 1044 1974 1081 catervls
2005 1049 2220 1079 exornare
2249 1034 2365 1078 sive-

167 1094 268 1133 rint.
322 1093 510 1133 Diversa
531 1090 650 1131 bella
677 1098 791 1142 sunt,
820 1105 934 1145 quae
961 1093 1146 1133 diversis
1165 1091 1290 1142 locis,
1319 1093 1397 1132 sed
1425 1106 1559 1145 procu
1607 1106 1669 1133 sc.
1696 1093 1751 1133 ab
1774 1092 1901 1134 ltalia
1918 1100 2015 1133 orta
2033 1099 2146 1132 sunt.
2201 1092 2365 1132 Famae

168 1146 360 1204 insignia
387 1146 432 1189 in
461 1145 738 1202 sequentibus
766 1153 1092 1190 enumerantur:
1120 1160 1274 1189 currus
1302 1159 1541 1203 regumque
1569 1153 1786 1191 catervae.
1844 1146 1938 1190 Hae
1964 1145 2076 1190 inter
2103 1144 2366 1189 abundantis

169 1203 250 1246 fati
277 1203 468 1244 ludibria
497 1202 597 1242 duci
626 1201 782 1255 solitae
817 1210 928 1244 sunt.
982 1203 1205 1244 Gesnerus
1242 1202 1327 1243 dici
1364 1201 1554 1245 ludibria
1583 1204 1800 1245 existimat
1828 1203 1995 1244 ratione
2023 1215 2173 1244 eorum
2200 1201 2366 1253 habita,

172 1259 229 1300 de
257 1258 414 1314 quibus
439 1255 735 1312 triumphetur.
791 1256 889 1298 Non
916 1255 1075 1312 placet.
1129 1257 1247 1299 Inter
1274 1257 1538 1300 abundantis
1562 1256 1640 1300 fati
1665 1257 1857 1300 ludibria
1885 1256 1990 1299 mihi
2017 1255 2129 1298 nihil
2156 1254 2275 1299 aliud
2302 1256 2367 1299 vi-

172 1315 298 1356 detur
328 1327 444 1364 esse,
487 1325 618 1368 quam
651 1310 825 1354 fortuna
852 1311 1041 1355 ludibria
1077 1312 1252 1366 edente,
1289 1311 1362 1356 vel
1389 1313 1492 1355 dum
1519 1327 1593 1356 res
1627 1313 1740 1356 bene
1767 1319 1977 1369 geruntur
2005 1326 2067 1355 sc.
2096 1312 2143 1354 in
2173 1311 2367 1355 externis

171 1368 323 1422 bellis,
365 1368 521 1425 quibus
548 1366 742 1410 savorem
772 1382 933 1410 vanum
960 1368 1043 1411 sibi
1081 1382 1337 1424 comparare
1363 1369 1547 1412 ducibus
1573 1382 1655 1426 per
1679 1367 1892 1426 populum
1919 1368 2166 1411 Romanum
2191 1366 2390 1421 licebat,

173 1425 248 1480 qui
275 1425 320 1466 in
347 1422 598 1466 tumultibus
628 1422 778 1465 ltaliae
805 1437 833 1465 a
860 1424 1043 1467 ducibus
1070 1424 1255 1467 salutem
1282 1431 1447 1467 tantum
1474 1426 1668 1480 graviter
1695 1425 1857 1481 respici
1883 1423 2071 1467 volebat.

286 1500 385 1544 Vss.
411 1500 643 1543 213-217.

720 1560 859 1597 Nonne
890 1560 1122 1605 videbantur,
1154 1560 1323 1610 quamvis
1354 1560 1553 1599 adamante
1581 1563 1766 1611 rigentes,

721 1614 908 1652 Turribus
940 1615 1112 1652 invalidis
1143 1613 1296 1666 fragiles
1324 1618 1571 1666 procumbere
1601 1616 1717 1661 muri,

719 1669 972 1720 Ferrataeque
1001 1671 1110 1707 Getis
1141 1671 1237 1707 ultro
1268 1683 1309 1707 se
1337 1671 1505 1721 pandere
1531 1668 1694 1723 portae?

722 1723 804 1761 Nec
830 1725 969 1762 vallum
999 1724 1212 1775 densaeque
1242 1724 1354 1763 sudes
1385 1737 1515 1764 arcere
1540 1727 1713 1764 volantes

719 1778 976 1830 Cornipedum
1004 1780 1133 1818 saltus.
1187 1780 1349 1829 Jamjam
1377 1781 1630 1818 conscendere
1660 1793 1807 1831 puppes

989 1842 1126 1885 parant
1154 1832 1286 1884 (Itali).

279 1896 481 1940 Pericula
508 1892 833 1949 describuntur,
869 1909 984 1953 quae
1009 1894 1129 1940 Italis
1157 1896 1438 1941 imminebant
1463 1910 1545 1954 per
1570 1895 1812 1941 Alaricum.
1868 1896 2096 1941 Gesncrus
2123 1895 2193 1939 his
2221 1896 2368 1940 verbis

174 1952 383 2008 explicat:
444 1953 609 1996 Τιιννοε
638 1958 738 1996 sunt
768 1958 925 2007 partes
954 1952 1221 1995 robustiores
1256 1958 1296 1995 et
1325 1954 1438 1995 velut
1464 1954 1639 1995 articuli
1668 1954 1896 1996 moenium.-
1938 1953 2009 1995 his·
2036 1952 2243 1995 invalidis
2268 1952 2370 1994 reli-

174 2021 293 2064 quum
319 2020 504 2059 nmrum,
543 2013 746 2064 tanquam
767 2006 997 2064 fragilem,
1032 2006 1312 2063 procumbere
1337 2009 1486 2051 mirum
1514 2021 1600 2051 non
1630 2013 1707 2051 est.
1760 2008 1941 2051 Poetam
1969 2014 2151 2063 apparet
2176 2007 2369 2062 descrip-

174 2071 316 2105 turum
350 2062 507 2115 fuisse,
551 2076 663 2119 quae
692 2069 914 2118 stuporem
944 2062 1063 2105 ltalis
1094 2063 1332 2121 injecerint.
1396 2064 1453 2106 Et
1479 2076 1586 2105 sane
1619 2064 1776 2105 mirum
1805 2070 1892 2115 est,
1931 2063 1970 2105 si
1997 2063 2131 2115 muri,
2172 2062 2370 2118 quamvis

175 2118 400 2160 adamante
418 2120 622 2173 rigentes,
647 2126 857 2173 tanquam
884 2117 1062 2172 fragiles
1080 2119 1272 2161 turribus
1300 2118 1421 2161 velut
1447 2117 1652 2161 invalidis
1674 2118 1975 2175 procumbunt.
2029 2117 2212 2173 Signum
2240 2117 2369 2159 inter-

175 2172 411 2228 rogationis
438 2180 537 2229 post
563 2187 713 2216 vocem
741 2181 893 2228 portae
923 2172 1059 2215 deleri
1096 2182 1137 2218 et
1164 2173 1301 2217 verba
1328 2173 1554 2231 sequentia
1582 2187 1666 2219 nec
1695 2174 1851 2217 vallum
1890 2197 1938 2205 -
1979 2173 2119 2217 saltus
2156 2172 2213 2215 ad
2240 2171 2370 2214 inter-

175 2228 442 2282 rogationem
481 2228 634 2272 referri
665 2228 816 2281 velim,
858 2237 905 2271 ut
932 2228 1087 2272 horum
1115 2230 1348 2272 verborum
1375 2230 1590 2273 sententia
1617 2230 1695 2273 sit:
1736 2229 1886 2272 mirari
1917 2227 2032 2282 licet,
2060 2229 2176 2284 quod
2203 2225 2370 2270 vallum

176 2283 393 2338 sudesque
419 2283 616 2326 volantes
645 2298 854 2340 equorum
882 2283 1023 2327 saltus
1051 2298 1141 2328 non
1169 2285 1391 2328 arcebant.

287 2359 389 2403 Vss.
420 2360 649 2406 437—438.

720 2422 899 2459 Creditur
925 2423 1121 2460 Herculeis
1148 2423 1271 2460 lucem
1298 2435 1501 2461 renovasse
1529 2422 1680 2461 lacertis

718 2477 877 2515 Femina
904 2477 1032 2515 dilecti
1060 2478 1148 2516 fatis
1176 2479 1349 2530 impensa
1376 2478 1513 2516 mariti.

286 2547 470 2598 Nubsto,
506 2560 610 2589 num
646 2547 803 2593 locutio
838 2552 1064 2593 renovavit
1089 2552 1219 2594 lucem
1244 2551 1359 2593 idem
1386 2549 1540 2593 valere
1566 2551 1728 2607 possit,
1764 2550 1882 2648 qluod
1912 2547 2189 2603 recuperavit
2214 2546 2370 2589 lucem.

178 2604 329 2653 Quare
363 2601 592 2644 lectionem
627 2616 862 2658 reparasse
896 2606 1035 2662 recipi
1076 2606 1149 2648 vel
1184 2607 1395 2662 repetisse
1421 2606 1554 2649 scribi
1582 2605 1725 2649 velim.
1820 2604 2064 2647 ocutionem
2102 2602 2268 2659 aliquid
2300 2615 2370 2645 re-

250 2669 323 2699 ere
351 2657 465 2699 idem
501 2657 748 2712 significare
812 2661 896 2703 uod
933 2662 996 2704 ad
1025 2662 1190 2718 aliquid
1227 2662 1400 2712 redire,
1442 2661 1481 2703 si
1521 2661 1733 2718 exemplis
1760 2658 2011 2704 confirmari
2047 2671 2161 2714 opus
2196 2657 2274 2710 sit,
2313 2655 2370 2701 of.

218 2725 282 2756 or.
310 2710 455 2755 Carm·
483 2712 556 2765 111,
578 2712 651 2765 27,
675 2712 719 2756 9.
773 2673 853 2769 ἕρ.
881 2715 912 2768 l,
940 2718 980 2769 7,
1009 2717 1077 2760 33.
1133 2717 1259 2760 ovid.
1287 2716 1390 2760 Her.
1418 2716 1490 2770 ΙΙΙ,
1519 2716 1612 2760 143.
2062 2729 2071 2741 ⁴

287 2789 359 2833 De
388 2788 463 2832 V1.
493 2788 622 2833 Cous.
649 2790 811 2834 Honor.
864 2791 964 2836 Vss.
993 2794 1230 2838 265-269.

721 2860 823 2911 Ergo
852 2863 914 2899 ubi
941 2865 1158 2914 praeclusae
1190 2865 1272 2902 voci
1298 2865 1425 2903 laxata
1454 2866 1621 2913 remisit,

727 2915 851 2953 Frena
878 2917 1004 2965 dolor,
1032 2927 1140 2956 notas
1170 2920 1288 2967 oculis
1316 2920 1556 2958 humentibus
1580 2919 1695 2970 Alpes

2440 2334 2445 2708 *q—ffl,—‚
2440 2291 2444 2329 -
2433 1094 2444 2285 ww
