2546 3210
891 191 2455 244 ,ᾠῷ-ῃ,

1194 247 1319 294 XIV

270 391 342 436 De
372 397 501 448 raptu
530 390 652 433 ProS.
682 388 780 433 Lib.
810 388 883 433 111.
939 389 1042 434 Vss.
1073 390 1153 435 137
1183 397 1223 434 et
1252 389 1345 435 138.

708 469 814 509 Haec
841 470 924 519 ubi,
965 469 1174 524 digreditur
1201 470 1376 524 templis;
1415 468 1482 510 sed
1510 470 1614 510 nulla
1642 471 1768 511 ruenti

707 527 923 572 Mobilitas;
962 528 1089 563 tardos
1120 529 1289 577 queritur
1315 539 1392 563 nou
1423 527 1479 563 ire
1504 527 1663 578 jugales.

272 604 384 652 Quid
421 602 505 642 sibi
543 600 680 642 velint
717 602 856 642 verba
891 603 973 643 sed
1007 604 1126 643 nulla
1162 603 1305 643 menti
1341 601 1552 642 mobilitas
1562 629 1580 651 ,
1616 601 1841 642 Gesnerus
1867 614 1959 642 non
1987 601 2216 657 explicuit3
2251 612 2354 642 con-

153 658 370 717 jecturam
395 669 503 700 vero
529 654 699 700 Heinsii
734 661 808 701 sat
834 657 952 702 nulla
983 656 1027 699 in
1054 654 1189 700 variis
1215 654 1474 701 lectionibus
1509 653 1658 700 attulit:
1714 654 1764 701 Si
1791 663 1981 709 statuas,
2017 654 2247 700 lectionem
2275 655 2356 699 sed

158 716 275 756 nulla
303 714 521 754 sinceram
546 724 661 763 esse,
689 725 801 754 voce
824 713 1036 755 mobilitas
1063 711 1317 767 significari«
1329 725 1441 768 opus
1469 719 1534 754 est
1560 711 1907 764 inconstantiam,
1934 717 1982 753 ut
2001 710 2113 754 haec
2142 711 2356 754 sententia

158 768 281 812 insit:
309 767 444 811 Ceres
471 767 558 810 ruit
584 780 669 809 nec
695 767 863 809 dubitat
899 767 1078 823 digredi.
1132 767 1192 810 At
1227 774 1343 809 certe
1377 765 1476 809 bac‘
1490 768 1704 810 sententia
1730 766 1854 809 illata
1879 765 2119 809 orationem
2145 765 2357 822 languere

159 823 388 868 concedes.
443 823 586 867 Nemo
625 822 741 865 enim
778 823 833 865 de
869 823 1141 866 cunctatione
1166 820 1341 881 Cereris
1369 822 1559 878 cogitare
1585 829 1747 879 potest,
1783 836 1915 878 quum
1946 822 2046 887 ipsa
2070 819 2237 878 Cybele
2261 834 2357 864 eam

157 879 392 922 adhortata
419 879 477 921 sit
501 879 674 921 verbis:
706 879 730 921 1
752 883 890 921 tamen
921 884 962 921 et
991 879 1105 921 nullo
1123 877 1299 920 turbata
1326 882 1543 922 revertere
1557 891 1676 921 casu.
1716 877 1785 920 Ex
1810 877 1977 920 Heinsi1
2005 877 2256 933 conjectura
2281 890 2356 932 ap-

156 941 296 992 paret,
324 947 425 976 eum
452 933 642 986 vidisse,
673 946 728 976 ex
756 933 885 975 totius
915 933 1124 976 orationis
1149 939 1309 975 natura
1336 933 1593 977 mentionem
1620 933 1762 989 potius
1788 930 2021 975 celeritatis
2049 945 2181 988 quam
2208 931 2357 973 incon-

155 991 344 1033 stantiae
379 988 609 1046 postulari.
661 988 865 1031 Attamen
903 989 1153 1045 conjectura
1192 993 1265 1037 sat
1302 1001 1455 1043 parum
1488 988 1644 1045 placet.
1688 988 1908 1045 ‘Equidem
1949 986 2252 1054 proposuerim
2277 987 2358 1030 sed

156 1051 298 1089 sumta
329 1053 372 1088 et
397 1044 634 1088 deleverim
662 1044 1050 1099 interpunctionem
1077 1050 1177 1100 post
1202 1043 1441 1095 mobilitas,
1470 1052 1519 1087 ut
1544 1050 1684 1088 sumta
1709 1043 1920 1087 mobilitas
1947 1044 2191 1100 subjectum
2222 1056 2356 1085 enun-

158 1102 262 1145 ciati
293 1102 350 1143 sit
379 1108 421 1142 et
446 1101 640 1157 queritur
663 1099 975 1155 praedicatum.
1030 1097 1316 1142 Mobilitatem
1345 1112 1519 1142 sumere
1547 1107 1613 1146 est
1639 1100 1757 1156 apud
1784 1100 1894 1144 Luc.
1915 1099 1967 1151 6,
2003 1099 2071 1142 34.

269 1178 374 1222 Vss.
401 1177 483 1220 211
495 1203 546 1209 -
556 1176 653 1219 214.

711 1235 793 1270 Νο0
819 1235 935 1270 semel
962 1234 1159 1284 amplecti,
1196 1246 1410 1284 nomenque
1437 1236 1574 1271 iterare
1603 1236 1762 1280 sororis,

709 1289 760 1326 Et
789 1288 883 1326 dura
912 1288 961 1326 de
990 1296 1111 1327 matre
1140 1290 1267 1338 queri,
1303 1301 1402 1339 quae
1429 1290 1505 1327 tale
1533 1302 1683 1327 recessu

707 1344 886 1380 Maluerit
913 1343 1094 1380 damnare
1123 1343 1259 1389 decus,
1297 1345 1488 1395 vetitoque
1517 1343 1685 1382 Dearum

710 1398 910 1448 Colloquio
929 1399 1137 1449 patriisque
1164 1400 1295 1449 procul
1322 1399 1556 1437 mandaverit
1586 1400 1708 1437 asnis.

271 1473 350 1517 His
378 1472 577 1516 versibus
598 1469 733 1514 Ceres
763 1470 948 1515 callidos
977 1464 1468 1528 sermones'significat‚
1536 1473 1666 1515 uibus
1689 1472 1842 1516 Venus
1876 1487 1961 1516 usa
1988 1474 2045 1517 sit
2071 1474 2115 1516 in
2143 1471 2360 1528 colloquio

160 1543 259 1572 cum
288 1528 566 1583 Pmserpina.
629 1527 716 1569 Pro
749 1528 897 1569 verbis
933 1529 1179 1584 patriisque
1213 1529 1372 1584 procul
1404 1487 1675 1571 mandaverit
1703 1530 1840 1572 astris
1870 1535 2009 1571 exstat
2044 1527 2172 1570 lectio
2193 1528 2361 1583 patriis

157 1585 315 1642 procul
354 1583 658 1625 amandaverit
688 1583 840 1624 astris.
896 1584 1040 1633 Quum
1069 1583 1115 1624 in
1143 1583 1270 1625 bonis
1297 1582 1422 1625 libris
1448 1584 1665 1626 manuscri
1697 1585 1751 1626 tis
1777 1584 1989 1627 mandare
2014 1597 2095 1640 pro
2122 1583 2362 1626 amandare

159 1654 384 1696 nunquam
411 1639 682 1693 reperiatur,
719 1636 792 1679 hic
820 1652 925 1680 vero
951 1640 1070 1680 notio
1094 1637 1318 1692 relegandi
1348 1636 1627 1693 efflagitemr,
1684 1640 1795 1681 ectio
1823 1639 1901 1680 illa
1927 1638 2215 1694 praeferenda
2238 1640 2359 1679 vide·

160 1702 243 1737 tur.
298 1695 532 1737 Praeterea
567 1691 787 1748 particula
816 1705 896 1748 que
931 1699 1029 1748 post
1056 1693 1218 1749 patriis
1248 1692 1446 1744 offendit3
1480 1692 1567 1735 hac
1595 1693 1707 1735 enim
1738 1700 1909 1737 retenta
1938 1700 2119 1749 apparet
2146 1692 2361 1736 ablativos

160 1751 293 1793 vetito
320 1749 539 1803 colloquio
569 1762 668 1788 cum
698 1749 861 1802 procul
896 1749 1223 1803 conjungendos
1262 1762 1372 1789 esse.
1429 1750 1516 1791 Sed
1553 1748 1665 1790 haec
1697 1749 1868 1790 dicendi
1904 1750 2014 1790 ratio
2048 1750 2204 1803 procul
2230 1750 2361 1789 vetito

162 1804 372 1860 colloquio
399 1817 490 1845 non
517 1801 676 1858 placet.
733 1802 818 1852 Qui
850 1802 964 1844 enim
991 1801 1145 1857 procul
1174 1801 1391 1858 colloquio
1420 1803 1679 1846 amandatus
1711 1810 1793 1856 est,
1828 1804 1868 1846 ei
1897 1816 1946 1845 re
1972 1803 2071 1858 ipsa
2097 1796 2361 1858 colloquium

161 1867 367 1956 Regatilim
396 1865 492 1954 esth·
531 1857 638 1898 Plus
666 1855 907 1911 elegantiae
932 1857 1064 1912 igitur
1090 1856 1306 1913 particula
1331 1870 1412 1914 que
1439 1857 1584 1901 deleta
1602 1865 1642 1900 et
1655 1857 1842 1901 lectione
1869 1858 2168 1901 amandaverit
2185 1864 2363 1914 recepta

195 1914 268 1956 uic
315 1927 396 1956 000
428 1927 455 1955 a
489 1918 644 1955 eretur.

276 1989 381 2033 Vss.
408 1989 494 2032 220
504 2016 556 2021 -
566 1987 664 2031 227.

716 2048 844 2085 Prima
875 2049 1003 2085 Venus
1030 2061 1183 2101 campos
1212 2050 1470 2101 Hennaeaque
1497 2063 1585 2089 rura
1610 2050 1776 2103 maligno

679 2143 681 2147 y
717 2104 854 2153 Ingerit
884 2103 1012 2142 affiatu.
1068 2106 1223 2144 Vicinos
1254 2106 1390 2144 callida
1416 2107 1530 2144 flores

715 2159 941 2208 Ingeminat,
980 2161 1228 2210 meritumque
1258 2161 1351 2206 loci,
1388 2161 1491 2198 velut
1517 2161 1659 2207 inscia,
1700 2162 1847 2212 quaerit

715 2213 797 2253 Nec
829 2214 969 2260 credit,
1009 2215 1109 2266 quod
1140 2217 1270 2255 bruma
1299 2230 1403 2256 rosas
1432 2217 1585 2255 innoxia
1613 2224 1754 2263 servet,

718 2270 829 2314 Quod
858 2270 972 2320 gelidi
1000 2273 1160 2309 rubeant
1187 2272 1310 2310 alieno
1335 2272 1507 2323 germine
1533 2285 1704 2319 meuses,

716 2325 844 2362 Verna
874 2339 944 2363 nec
974 2327 1110 2364 iratum
1135 2327 1293 2365 timeant
1318 2328 1486 2377 virgulta
1514 2327 1673 2366 Booten.

718 2380 815 2418 Dum
846 2381 930 2418 loca
957 2382 1135 2429 miratur,
1171 2382 1295 2420 studio
1323 2382 1412 2420 dum
1442 2382 1577 2433 flagrat
1606 2383 1740 2430 eundi,

715 2435 934 2474 Pei-suadet.

283 2509 362 2552 His
390 2509 590 2551 versibus
615 2522 686 2550 ars
714 2509 984 2562 describitur,
1014 2523 1145 2566 quam
1165 2509 1317 2553 Venus
1342 2512 1533 2554 sermoni
1562 2512 1750 2556 texendo
1775 2520 1862 2556 tam
1890 2511 2051 2555 callide
2079 2512 2289 2562 adhibuit,
2319 2519 2366 2553 ut

170 2565 439 2621 Proserpina
463 2564 639 2607 retineri
666 2578 753 2607 non
814 2576 951 2618 osset,
989 2566 1094 2621 quin
1134 2579 1213 2622 per
1247 2565 1389 2610 valles
1428 2574 1470 2609 et
1496 2565 1622 2610 lucos
1650 2582 1750 2610 cum
1769 2567 1869 2611 aliis
1888 2568 2070 2611 Deabus
2096 2576 2137 2611 et
2150 2566 2365 2634 Nymphis

170 2629 423 2677 vagaretur.
476 2619 669 2676 Campos
706 2633 776 2662 ma
794 2620 895 2676 igno
931 2621 1081 2665 affatui
1119 2621 1320 2677 ingerere
1348 2630 1413 2667 est
1440 2623 1496 2666 de
1522 2623 1689 2690 campis
1715 2623 1908 2680 maligno
1935 2623 2118 2668 consilio
2146 2624 2287 2680 loqui,
2324 2632 2366 2668 et

169 2679 345 2721 vicinos
374 2676 510 2718 flores
539 2676 809 2730 ingeminare
838 2677 951 2718 idem
990 2679 1104 2732 quod
1134 2677 1292 2719 florum
1322 2680 1477 2720 iterum
1505 2688 1765 2722 mentionem
1791 2679 1966 2730 facere,
1996 2679 2114 2722 banc
2139 2679 2364 2722 materiam

170 2731 346 2778 dicendi
371 2737 624 2775 retractare.
680 2728 847 2774 Callicle
879 2732 1029 2777 Venus
1057 2747 1086 2777 a
1115 2731 1336 2778 vicinitate
1362 2733 1526 2791 incipit,
1553 2742 1601 2779 ut
1619 2743 1776 2792 postea
1800 2732 1924 2779 velut
1947 2734 2086 2779 inscia
2106 2749 2162 2778 ex
2188 2734 2365 2780 Proser-

169 2791 277 2845 pina
304 2795 515 2845 quaerat,
543 2800 657 2844 quae
689 2794 835 2829 cetera
862 2786 949 2830 loci
979 2790 1134 2832 merita
1160 2789 1259 2831 sint.
1311 2790 1574 2846 Proserpina
1600 2790 1715 2835 haec
1742 2798 2043 2843 enumerante,
2080 2789 2255 2835 simulat
2281 2790 2366 2834 sibi

172 2859 228 2889 ea
252 2842 531 2890 incredibilia
558 2842 696 2886 videri
725 2851 789 2895 et,
818 2850 864 2885 ut
891 2844 902 2884 i
936 2857 987 2886 sa
1013 2843 1125 2889 haec
1152 2844 1365 2888 miracula
1389 2854 1577 2902 spectet,
1605 2860 1738 2903 quam
1764 2846 1953 2890 maxime
1985 2859 2161 2902 cupere.
2216 2846 2366 2890 Verba

173 2902 287 2943 enim
315 2900 416 2943 dum
443 2900 543 2942 loca
573 2899 757 2940 miratur
782 2899 894 2954 signi
915 2901 1052 2943 'cantz
1082 2901 1185 2943 dum
1206 2899 1293 2943 loci
1320 2902 1653 2958 descriptionem
1674 2901 1868 2946 miratur.
1917 2901 2042 2946 Haec
2066 2901 2122 2944 de
2142 2908 2366 2947 venustate

67 3010 2053 3071 *—————-——“-——-—————r—————---ffl

2433 2211 2440 2535 -.-.-—-.-0-.-—--—--
2432 2137 2438 2197 0—-
