2546 3210
1162 229 1320 287 xm

268 373 364 416 Vss.
391 373 627 415 223-226.
1460 403 1463 404 ν

700 433 813 471 Talia
843 432 1051 473 vociferans
1080 430 1210 470 avidos
1242 433 1402 485 transire
1430 431 1566 470 minaci

700 487 933 538 Cornipedes
962 489 1125 526 umbone
1154 487 1262 532 serit,
1292 488 1478 538 clipeique
1507 488 1673 525 retardat

699 541 851 592 Objice,
881 542 1171 593 Gorgoneisque
1197 554 1371 593 premens
1397 542 1567 580 assibilat
1594 542 1744 591 hydris,

698 597 994 647 Praetentasque
1023 599 1147 646 aperit
1173 598 1315 633 cristas.

260 658 331 702 Ex
367 658 437 702 his
472 667 656 718 apparet
682 659 927 703 Minervam
966 658 1096 700 etiam
1134 656 1319 715 clipeum
1350 667 1573 715 gestasse,
1618 659 1672 701 de
1710 674 1796 716 quo
1831 665 1964 715 poeta
1992 659 2120 704 Deae
2154 657 2350 702 habitum

153 714 405 762 describens
433 729 521 759 vss
548 715 715 759 21-26
744 716 888 758 tacuit.
929 714 1141 757 'Gesnero
1168 728 1254 764 non
1285 716 1501 758 assentior
1528 714 1756 758 arbitranti
1785 716 1911 757 etiam
1934 717 1984 757 ‘in
2011 717 2241 759 Minervae
2272 713 2350 757 cli-

153 780 238 836 peo
266 770 497 827 Gorgonos
524 770 687 826 hydros
717 786 770 814 ex
797 776 929 826 poeta
954 770 1166 813 sententia
1192 769 1340 824 fnisse,
1370 779 1411 814 et
1436 769 1573 828 equis,
1588 764 1651 814 'ut
1676 772 1729 814 iis
1754 779 2029 825 terrerentur,
2051 770 2244 828 clipeum
2270 769 2351 814 ob-

147 824 324 883 jecisse.
389 826 498 869 Mihi
524 827 697 869 videtur
722 826 923 877 Minerva
960 825 1015 867 iis
1040 825 1216 881 hydris,
1256 840 1365 883 quos
1401 827 1446 868 in
1474 827 1656 870 thorace
1692 827 1915 882 gestabat,
1955 840 2090 883 equos
2125 827 2348 869 terruisse.

155 881 225 924 De
251 879 320 924 his
349 882 461 924 enim
485 883 582 939 jam
599 891 731 925 versu
749 881 834 924 205
861 884 991 937 poeta
1011 881 1134 924 dicit:
1168 881 1251 924 'am
1278 882 1507 937 Gorgonos
1537 896 1616 925 ora
1642 881 1833 932 revelat3
1862 889 1903 924 et
1928 883 2058 925 umbo
2079 881 2151 925 vel
2177 880 2234 924 cli
2269 894 2348 923 eus

154 950 233 991 per
260 950 309 978 se
334 937 481 979 minax
511 938 596 979 diei
618 945 776 992 potest.
831 936 981 978 Ferire
998 944 1141 979 autem
1192 951 1244 979 oc
1272 936 1371 980 loeo
1400 938 1514 979 idem
1541 939 1657 994 quod
1687 946 1967 980 consternare
1993 937 2123 989 valet,
2154 946 2195 980 et
2216 897 2349 993 clipei

75 984 78 1022 ἶ
154 991 269 1034 obex
299 999 363 1034 est
389 990 556 1049 clipeus
585 992 798 1035 obtentus.
853 991 1001 1047 Imago
1028 992 1158 1047 igitur
1184 992 1331 1046 Deae,
1371 1006 1498 1049 quam
1523 997 1653 1050 poeta
1684 993 1913 1042 describit,
1952 990 2063 1033 haec
2090 1000 2175 1034 est:
2214 991 2348 1034 laeva

76 1066 78 1079 ÷
154 1060 287 1088 manu
313 1046 502 1102 clipeum
531 1049 655 1103 equis
683 1047 898 1100 obtendit3
936 1049 1110 1100 dextra,
1140 1062 1226 1103 qua
1247 1050 1344 1104 jam
1373 1058 1473 1092 ante
1500 1050 1666 1102 pectori
1696 1057 1862 1093 vestem
1891 1047 2162 1099 detraxerat,
2191 1048 2347 1090 cristas

154 1101 294 1158 aperit
323 1100 366 1143 h.
386 1111 431 1144 e..‘
450 1102 578 1144 sertis
600 1101 741 1154 solvit,
771 1102 927 1158 quibus
944 1100 1111 1158 galeam
1131 1111 1373 1156 ornaverat,
1403 1117 1443 1145 v.
1467 1104 1546 1145 145
1576 1105 1764 1146 insolitis
1790 1104 1914 1145 docet
1939 1104 2108 1158 yoleom
2133 1103 2349 1144 mitescere

153 1159 319 1203 sertis„
351 1158 399 1199 ln
428 1159 601 1200 casside
631 1167 724 1200 erat
753 1157 949 1200 caelatus
977 1158 1161 1214 Typhon
1192 1173 1231 1200 v.
1253 1159 1321 1201 21».
1377 1159 1484 1215 Ejus
1513 1160 1747 1213 imaginem
1776 1158 2003 1214 aperiebat
2026 1158 2154 1199 sertis
2181 1157 2347 1200 detrac-

153 1212 220 1255 tis.
276 1212 443 1255 Cristae
469 1214 599 1269 igitur
628 1214 655 1255 i.
684 1226 720 1256 e.
747 1212 875 1266 galea
903 1226 931 1255 a
959 1213 1057 1256 Dea
1084 1216 1444 1268 praetenduntur,
1481 1223 1529 1256 ut
1557 1228 1692 1270 equos
1721 1222 1894 1256 terreat.
1950 1213 2175 1255 Gesner-ns
2202 1220 2349 1253 tamen

153 1267 218 1309 sic
248 1267 460 1322 explicat:
522 1269 708 1311 Tea-erat
735 1270 939 1311 Minerva
973 1275 1103 1324 caput
1131 1271 1344 1312 Medusae
1370 1285 1410 1312 υ.
1438 1270 1531 1318 25,·
1569 1270 1648 1312 hoc
1674 1284 1786 1312 mmo
1812 1268 1958 1324 objicit
1987 1270 2119 1325 equis.
2175 1267 2250 1311 Sic
2283 1269 2347 1312 ἰπ-

153 1324 390 1381 1ε11ἰ9ἱηιηε,
420 1325 708 1376 contraxisse,
734 1325 1045 1368 constrinxisse
1070 1331 1200 1368 antea
1227 1328 1420 1376 cristam,
1447 1338 1571 1382 quom
1596 1325 1664 1367 hic
1693 1326 1848 1382 operit.

268 1379 366 1421 vss.
395 1379 628 1422 237—246.

701 1439 743 1477 ln
772 1446 810 1477 te
839 1439 1008 1488 conjurat
1034 1440 1206 1489 genitor,
1235 1441 1451 1491 populoque
1479 1440 1603 1478 silenti

703 1494 907 1538 Traderis,
939 1494 1012 1531 heu
1040 1494 1195 1543 cupidas
1223 1507 1299 1531 non
1328 1496 1552 1545 adspectura
1580 1507 1748 1537 sorores,

702 1548 981 1598 Aequalemque
1009 1549 1175 1587 chorum.
1230 1549 1338 1594 Quae
1368 1557 1404 1587 te
1432 1550 1583 1587 fortuna
1611 1551 1789 1600 supernis.

701 1604 882 1648 Abstulit,
912 1610 952 1640 et
978 1610 1089 1640 tanto
1111 1603 1303 1641 damnavit
1331 1605 1453 1641 sidera
1483 1603 1613 1641 luctu?

698 1659 783 1695 Jam
806 1671 929 1707 neque
955 1659 1168 1696 Partheniis
1196 1659 1388 1697 innectere
1415 1661 1510 1697 retia
1544 1660 1691 1705 lustris,

702 1712 783 1750 Nec
810 1712 1026 1764 pharetram
1052 1720 1200 1763 gestare
1229 1713 1341 1758 libet;
1370 1725 1523 1750 securus
1553 1716 1689 1763 ubique

699 1768 858 1818 Spumet
885 1780 996 1818 aper,
1023 1780 1249 1818 saevumque
1275 1768 1439 1805 fremant
1465 1770 1618 1819 impune
1646 1770 1785 1807 leones.

699 1822 760 1859 Te
781 1824 874 1873 juga
903 1823 1086 1871 Taygeti,
1117 1824 1241 1872 posito
1271 1830 1307 1860 te
1332 1823 1509 1861 Maenala
1538 1824 1681 1861 flebunt

698 1877 868 1922 Venatu,
901 1884 1118 1927 moestoque
1147 1876 1212 1913 diu
1242 1877 1418 1927 lugebere
1446 1877 1608 1926 Cyntho.

697 1932 881 1983 Delphica
909 1933 998 1982 quin
1027 1933 1139 1968 etiam
1171 1932 1298 1968 fratris
1326 1932 1482 1969 delubra
1510 1934 1696 1970 tacebunt.

261 1995 383 2039 Haec
423 2001 524 2037 sunt
551 1995 685 2038 verba
714 1994 885 2036 Dianae
912 1993 1217 2049 Proserpinam
1245 2001 1413 2049 raptam
1442 1994 1755 2049 compellantis.
1818 1996 1904 2038 Pro
1940 1997 2166 2039 domavit
2189 2011 2232 2038 v.
2260 1997 2347 2038 240

154 2050 257 2094 mihi
286 2059 514 2106 praestare
540 2049 666 2093 lectio
695 2051 955 2092 damnarunt
982 2049 1163 2091 videtur.
1221 2050 1346 2098 Quae
1375 2048 1522 2091 Diana
1550 2050 1678 2092 modo
1707 2050 1836 2101 dixit,
1880 2064 1934 2093 ea
1964 2052 2021 2093 de
2048 2052 2189 2095 Prose
2246 2051 2348 2094 inae

152 2105 386 2150 infortunio
414 2105 604 2149 Dianam
632 2104 752 2173 queri
781 2104 1088 2147 demonstrant.
1143 2103 1356 2159 Supernis
1384 2104 1543 2147 auferri
1573 2105 1729 2161 cuique
1759 2104 2039 2148 infortunium
2071 2114 2151 2151 est.
2249 2115 2266 2149 t
2301 2108 2346 2149 in

150 2164 429 2219 sequentibus
458 2163 592 2203 Prose
648 2176 720 2203 ma
746 2162 845 2217 ipsa
873 2160 974 2201 dicit
1003 2174 1052 2201 se
1079 2158 1257 2200 fulmine
1293 2161 1464 2212 necari,
1502 2174 1633 2215 quam
1663 2160 1859 2202 exsulem
1887 2163 1945 2203 ad
1973 2163 2188 2205 immanes
2214 2163 2347 2208 Erebi

102 2235 105 2237 ·
151 2218 296 2262 hiatus
323 2218 495 2261 detrudi
529 2232 597 2260 ma
634 2231 670 2260 e.
726 2217 814 2261 Sed
841 2215 1027 2258 lectione
1064 2215 1281 2258 damnavit
1309 2216 1453 2272 posita
1482 2215 1630 2259 Diana
1657 2229 1946 2273 supernorum
1977 2225 2019 2261 et
2047 2218 2241 2262 siderum
2269 2219 2348 2262 mi-

151 2281 342 2328 seretur,
386 2274 501 2330 quod
538 2273 748 2329 adspectu
783 2272 1070 2327 Proserpinae
1103 2271 1338 2326 priventur.
1403 2273 1544 2322 Quam
1579 2271 1808 2314 lectionem
1844 2273 2087 2316 defendens
2122 2275 2348 2318 Gesnerus

152 2330 276 2370 dicit:
331 2330 492 2373 Sidera
520 2342 778 2383 synonymon
810 2340 1089 2382 superorum3
1126 2340 1180 2368 ne
1208 2332 1401 2381 putemus
1431 2328 1493 2369 ad
1524 2329 1660 2382 ipsum
1689 2334 1849 2371 statum
1881 2331 2125 2373 caelestium
2155 2331 2348 2375 Deorum

151 2382 327 2439 referri
380 2383 578 2428 Siderum
606 2384 743 2426 luctus
771 2387 859 2432 est,
901 2382 1017 2438 qnod
1042 2394 1126 2425 non
1154 2381 1299 2424 vident
1326 2383 1509 2437 amplius
1548 2384 1593 2425 in
1620 2384 1754 2426 terris
1786 2383 2117 2440 Pmserpinom.
2182 2386 2272 2429 Sed
2299 2393 2349 2427 ut

152 2440 298 2483 sidera
323 2453 404 2494 pro
432 2439 632 2495 supernis
659 2438 744 2480 dici
772 2438 961 2493 possint,
999 2435 1208 2491 exemplis
1244 2436 1356 2482 haec
1382 2437 1644 2492 metonymia
1672 2439 1748 2481 vix
1776 2440 1984 2482 sustineri
2010 2441 2180 2496 poterit.
2237 2441 2346 2484 Lec-

151 2496 268 2539 tione
304 2495 563 2538 danmarunt
600 2501 742 2537 autem
777 2501 953 2549 recepta
988 2493 1138 2536 sidera
1170 2491 1278 2534 nihil
1306 2491 1424 2535 aliud
1453 2507 1583 2549 quam
1618 2492 1841 2536 fortunam
1868 2495 1952 2538 sub
1980 2496 2035 2538 iis
2071 2496 2346 2539 constitutam

151 2550 422 2606 significant3
450 2550 817 2605 qui-significatus
845 2550 961 2603 apud
990 2553 1141 2603 poetas
1166 2547 1374 2590 solemnis
1402 2557 1477 2590 est.
1532 2550 1580 2589 ln
1608 2551 1892 2605 sequentibus
1921 2565 2026 2594 vero
2056 2552 2204 2594 Diana
2230 2552 2344 2603 dicit,

153 2605 242 2662 qua
276 2605 445 2648 ratione
478 2606 578 2661 ipsa
606 2612 648 2648 et
673 2602 834 2661 Apollo
861 2603 1023 2647 luctum
1054 2603 1109 2645 de
1143 2601 1229 2646 hoc
1255 2611 1386 2661 raptu
1411 2603 1621 2659 prodituri
1652 2606 1754 2649 sint.
1819 2605 2022 2650 Testatur
2051 2607 2166 2650 enim
2193 2620 2243 2651 se
2271 2620 2342 2650 ve-

152 2667 323 2714 natum,
361 2672 576 2716 responsa
602 2659 779 2705 fratrem
809 2660 1107 2701 abdicaturum
1134 2671 1244 2701 esse.
1309 2661 1355 2701 ln
1393 2660 1594 2701 versibus
1623 2668 1770 2702 autem
1796 2662 1880 2703 244
1918 2670 1959 2703 et
1985 2662 2071 2704 245
2106 2662 2219 2705 haec
2245 2675 2341 2703 sen-

150 2717 286 2759 tentia
310 2718 444 2758 inest:
489 2716 662 2759 Montes
688 2716 930 2771 Taygetus,
965 2712 1192 2766 Maenala,
1229 2713 1426 2771 Cynthus
1452 2713 1683 2769 dolebunt,
1749 2717 1837 2759 uod
1872 2725 2025 2773 raptus
2056 2724 2156 2761 tuus
2181 2730 2342 2760 caussa

149 2769 334 2825 depositi
361 2777 545 2814 venatus
572 2779 650 2814 est.
706 2772 907 2814 Attamen
933 2782 992 2813 ne
1016 2767 1180 2812 luctum
1208 2769 1382 2813 Dianae
1408 2768 1492 2813 soli
1520 2771 1687 2814 tribuas
1748 2771 1880 2826 olori,
1908 2773 2026 2829 quod
2053 2773 2344 2827 Proserpinae

149 2825 380 2871 sodalitate
406 2827 577 2885 privata
605 2827 683 2879 sit3
710 2827 789 2871 sed
813 2827 909 2870 ideo
936 2838 1068 2883 qnam
1093 2826 1286 2870 maxime
1300 2826 1450 2871 Diana
1475 2825 1611 2885 luget,
1638 2828 1744 2886 quia
1771 2828 2081 2887 Proserpinam
2105 2829 2148 2870 in
2176 2828 2342 2871 Oreum

148 2882 367 2925 detrusam
396 2884 547 2925 subire
573 2884 656 2926 scit
683 2892 843 2926 sortem
868 2882 1167 2931 miserrimam.
