2546 3210
1203 182 1279 230 lx

698 332 865 383 Adspicit
893 339 930 370 et
956 334 1113 369 nimium
1143 332 1280 368 diversi
1309 332 1468 368 stamine
1495 332 1563 370 sati
2405 300 2410 388 i

692 386 916 425 Praesente„
945 388 1107 432 reditus,
1134 388 1420 435 fortunatosque
1447 387 1602 423 revolvit
2406 396 2409 424 ῐ

691 440 898 491 Ingressus.
2405 438 2408 454 ¹

251 502 434 545 Frustra
461 514 640 557 quaero,
669 515 782 558 quae
808 502 864 544 sit
890 501 1169 545 cohaerentia
1196 502 1426 544 verborum
1465 507 1507 543 et
1532 503 1697 543 πίηιίιιηι
1712 527 1765 534 -
1782 505 2016 558 inqressus.
2079 492 2187 543 Sire
2213 501 2334 555 geni·
2404 468 2408 547 Ι

142 558 277 599 t'rvum
303 556 382 597 fati
408 557 518 598 dicis
545 558 735 610 pendere
762 558 816 598 de
845 557 1038 599 ablativo
1065 557 1263 609 stamine,
1305 558 1400 599 sive
1426 557 1482 598 de
1510 557 1770 600 accusativis
1797 558 1963 601 reditus
1989 558 2228 613 inyresms,
2258 555 2336 599 vix
2404 562 2408 630 j

142 610 450 668 grammatices
478 610 551 658 vel
577 610 743 668 logices
773 611 945 668 legibus
968 610 1224 655 satisfacies.
1280 611 1388 668 Legi
1418 612 1548 667 igitur
1564 612 1712 654 malim
1738 614 1935 664 standan,
1962 620 2011 654 ut
2037 613 2174 653 verba
2199 623 2333 666 prae-
2404 632 2408 665 2

142 672 284 710 sentes
314 667 480 709 reditus
501 666 832 726 fortunatosque
858 670 1080 724 inqressus
1100 667 1331 722 explicent,
1359 667 1509 722 qualia
1536 667 1613 709 sati
1640 669 1824 711 stamina
1849 666 2084 710 revolverit
2110 665 2332 710 Alaricus.
2403 667 2408 721 ξ

252 721 353 765 Vss.
380 722 614 766 386-390.

962 761 1049 796 Tua
1078 767 1114 797 te
1147 761 1341 797 benefacta
1366 767 1575 798 morantem

688 816 940 861 Conveniunt,
972 816 1188 867 meritisque
1217 816 1289 854 tuis
1317 816 1480 855 obnoxia
1507 816 1623 854 virtus

688 871 794 916 Quos
824 872 983 908 servavit
1011 878 1122 907 amat.
1176 872 1257 907 Jam
1287 871 1523 907 flavescentia
1554 881 1702 908 centum

686 926 872 964 Mes-sibus
901 920 1064 963 aesti'vae
1092 926 1297 963 detondent
1326 927 1497 976 Gargara
1524 926 1659 972 falces,

692 980 1000 1031 Spectandosque
1026 981 1160 1018 iterum
1191 981 1284 1018 nulli
1312 981 1535 1018 celebrantia
1568 981 1675 1018 ludos

690 1036 940 1072 Circumssexa
968 1037 1066 1085 rapit
1093 1043 1271 1072 centenus
1300 1038 1448 1072 saecula
1479 1038 1619 1073 consul.

688 1090 756 1128 His
786 1091 905 1137 annis,
935 1091 998 1143 qui
1027 1090 1144 1129 lustra
1173 1089 1263 1128 mihi
1297 1091 1351 1128 bis
1380 1089 1477 1129 dena
1505 1096 1719 1138 recensent,

687 1145 827 1183 Nostra
857 1154 915 1183 ter
940 1152 1125 1196 Augustos
1156 1148 1255 1183 intra
1283 1149 1474 1196 pomoeria
1504 1148 1598 1192 vidi,

688 1203 940 1252 Temporibus
967 1202 1099 1238 variis:
1131 1201 1261 1238 eadem
1292 1201 1359 1238 sed
1389 1214 1521 1238 caussa
1549 1203 1712 1252 tropaeis

142 1383 337 1418 conatur.
390 1375 539 1417 Verba
575 1376 737 1417 meritis
772 1375 856 1416 tuis
875 1398 925 1406 -
944 1380 1071 1416 amat·
1089 1374 1313 1417 Gesnerus
1352 1376 1413 1417 ita
1447 1375 1778 1430 interpretatur:
1817 1375 1940 1418 debet
1966 1376 2047 1419 hoc
2082 1377 2223 1418 virm
2258 1380 2335 1418 tna

141 1433 305 1473 meritis
333 1432 443 1480 tuis,
481 1435 529 1472 ut
555 1444 670 1472 ames
698 1435 738 1472 et
765 1430 912 1479 colas,
947 1435 994 1471 ut
1022 1429 1182 1472 honore
1208 1431 1483 1485 praesentiae
1519 1436 1617 1472 tuae
1648 1430 1818 1486 afficias
1843 1431 2016 1482 urbem,
2057 1432 2129 1473 cui.
2157 1431 2334 1474 salutem

143 1487 315 1529 dedisti.
371 1486 419 1528 ln
447 1483 517 1527 his
545 1484 649 1527 mihi
678 1485 892 1541 quaedam
922 1485 1065 1527 minus
1092 1492 1211 1526 recte
1239 1485 1437 1540 exposita
1464 1485 1673 1528 videatur.
1730 1487 1844 1529 Nam
1872 1499 1986 1542 quae
2004 1489 2142 1529 virtus
2171 1485 2333 1527 meritis

143 1541 333 1585 obnoxia
360 1554 470 1596 quos
502 1541 693 1583 servavit
720 1547 854 1591 amat,
894 1553 947 1581 ea
974 1553 1063 1582 non
1089 1540 1217 1582 debet
1243 1541 1428 1592 meritis,
1455 1549 1503 1581 ut
1540 1549 1655 1582 amet
1690 1555 1800 1596 quos
1835 1542 2049 1592 servavit3
2084 1542 2162 1583 sed
2189 1541 2332 1596 potius

142 1598 302 1648 virtus,
342 1609 457 1652 quae
494 1597 656 1638 meritis
692 1595 900 1638 obstricta
939 1603 1072 1637 estet
1111 1596 1214 1651 quia
1253 1596 1414 1639 meritis
1452 1596 1658 1638 obstricta
1696 1603 1783 1648 est,
1827 1604 1944 1639 amat
1983 1610 2093 1653 quos
2129 1595 2332 1639 servavit.

145 1654 290 1703 Quare
315 1650 427 1693 haec
455 1651 557 1693 mihi
588 1656 717 1707 poeta
748 1652 895 1693 dicere
921 1651 1112 1693 videtur:
1156 1651 1310 1692 merita
1337 1659 1411 1693 tua
1449 1659 1492 1692 te
1520 1659 1681 1707 cogunt
1707 1651 1778 1694 vel
1806 1660 2001 1704 monent,
2032 1660 2079 1693 ut
2105 1665 2213 1707 quos
2240 1665 2330 1694 ser-

141 1708 275 1760 vasti,
315 1720 449 1749 ames.
517 1707 723 1761 Gargara
766 1714 934 1747 centum
973 1706 1186 1747 messibus
1212 1706 1496 1747 flavescentia
1538 1715 1639 1748 sunt
1667 1708 1870 1761 Gargara
1908 1708 2149 1749 centesinea
2189 1719 2331 1749 messe

141 1763 436 1805 flavescentia.
497 1763 567 1805 Ad
596 1776 769 1812 versum
797 1760 880 1803 390
908 1760 1212 1816 explicandum
1241 1761 1486 1805 Gesnerum
1524 1762 1658 1804 miror
1685 1776 1772 1805 non
1800 1761 2005 1815 attulisse,
2037 1774 2150 1819 quae
2176 1761 2329 1804 Sueto·

141 1818 241 1861 nius
270 1816 422 1861 Claud.
452 1831 488 1859 c.
516 1817 568 1859 21
600 1824 751 1860 narrat
777 1816 845 1858 his
874 1817 1045 1858 verbis:
1088 1818 1207 1859 Fecit
1236 1822 1276 1858 et
1302 1820 1568 1866 saeculares,
1595 1820 1722 1873 quasi
1748 1821 2006 1873 anticipatos
2037 1818 2092 1858 ab
2121 1821 2332 1874 Auyusto,

141 1887 219 1916 nec
245 1875 425 1929 leqitimo
451 1874 630 1927 tempori
657 1877 919 1915 reservatos.
976 1873 1123 1924 Quare
1140 1887 1226 1915 vox
1247 1874 1482 1927 praeconis
1510 1874 1649 1915 irrisa
1669 1879 1750 1924 est,
1777 1874 1995 1917 invitantis
2016 1885 2132 1916 more
2156 1873 2336 1916 solemni

142 1930 204 1972 ad
232 1930 384 1979 ludos,
421 1941 527 1984 quos
555 1941 631 1971 nec
657 1932 898 1984 spectasset
927 1928 1146 1984 quisquam
1172 1940 1251 1971 nec
1276 1933 1552 1984 spectaturus
1578 1934 1717 1971 esset.-
1754 1942 1846 1971 cum
1875 1934 2149 1985 superessent
2175 1928 2335 1979 adme,

203 1985 214 1995 ⁶
238 1997 264 2027 s
296 1989 556 2026 celaverant.

141 1997 212 2041 qm
252 1998 446 2084 golemni
476 2039 605 2093 igitur
623 2052 743 2081 more
769 2037 859 2080 ludi
888 2035 1139 2080 saeculares
1157 2037 1242 2079 dici
1270 2045 1455 2094 possunt
1470 2036 1578 2080 nulli
1606 2038 1758 2079 iterum
1776 2038 1986 2094 spectati3
2016 2045 2059 2081 et
2084 2038 2335 2105 quicunque

141 2095 197 2137 de
222 2093 338 2138 ludis
364 2092 475 2136 nulli
503 2094 655 2136 iterum
684 2094 888 2149 spectatis
918 2093 1142 2144 audiebat,
1181 2094 1324 2134 statim
1356 2092 1485 2134 ludos
1514 2093 1766 2135 saeculares
1794 2093 2065 2149 intelligebat
2084 2094 2337 2149 slgnificari.

142 2152 290 2200 Quare
315 2165 401 2192 non
431 2150 663 2205 perspicio,
693 2164 771 2191 cur
799 2149 1003 2192 Heinsius
1031 2156 1072 2190 et
1099 2148 1325 2191 Gesnerus
1353 2147 1581 2190 lectionem
1610 2150 1874 2204 spectandos
1904 2150 1947 2191 in
1975 2155 2065 2192 uno
2095 2149 2248 2193 codice
2273 2150 2337 2192 in-

140 2213 314 2248 ventam
331 2239 333 2241 .
349 2203 552 2258 vulgatae
589 2211 807 2259 spectatos
848 2203 1141 2259 praetulerint.
1216 2204 1266 2245 ln
1303 2204 1606 2259 sequentibus,
1646 2218 1777 2259 quum
1816 2213 2033 2260 appareat
2068 2206 2337 2271 temporibus

141 2261 272 2304 variis
302 2260 485 2304 Romam
517 2260 678 2303 vidisse
701 2260 946 2314 Augustos,
986 2259 1086 2315 quia
1113 2258 1254 2300 Roma
1284 2272 1334 2300 se
1361 2268 1426 2300 ter
1450 2259 1673 2313 Augustos
1701 2260 1866 2302 vidisse
1900 2260 2027 2312 dicit,
2069 2260 2175 2303 mihi
2201 2260 2339 2303 verba
2373 2290 2376 2293 Δ

139 2317 399 2373 temporibus
426 2318 565 2359 variis
594 2330 649 2358 ex
668 2315 845 2370 vulgata
864 2315 1094 2357 verborum
1121 2312 1392 2357 distinctione
1409 2315 1550 2357 otiosa
1579 2323 1620 2357 et
1644 2314 1804 2370 frigida
1817 2316 2033 2359 videntur.
2087 2316 2210 2360 Haec
2236 2330 2338 2360 con-

133 2372 322 2428 jungere
340 2370 496 2413 ‘malim
525 2385 623 2413 cum
651 2372 849 2426 sequenti
877 2369 1093 2413 vocabulo
1122 2370 1288 2421 eadem,
1316 2377 1364 2411 ut
1389 2369 1474 2412 hoc
1502 2370 1558 2410 ad
1586 2371 1768 2413 verbum
1796 2373 1889 2414 vidi
1912 2370 2190 2415 referendum
2216 2373 2272 2416 sit
2298 2381 2362 2424 et>

142 2428 282 2470 Roma
310 2441 360 2469 se
385 2428 649 2482 temporibus
676 2427 808 2469 variis
837 2427 1020 2469 eandem
1047 2425 1182 2468 fuisse
1207 2432 1248 2468 et
1275 2439 1375 2468 esse
1402 2426 1633 2481 praedicet.

246 2482 369 2525 Laus
397 2483 588 2535 Serenae
616 2483 822 2536 Reginae.
879 2483 956 2524 Vs.
990 2482 1082 2523 146.

683 2552 820 2589 Saucia
852 2551 1023 2588 tiuncato
1051 2551 1242 2601 pallebant
1270 2551 1426 2588 fiumina
1454 2563 1582 2588 cornu.

250 2614 348 2657 Jam
374 2613 582 2656 Heinsius
612 2614 728 2656 hunc
754 2612 899 2655 locum
927 2626 1088 2655 sanare
1115 2621 1301 2655 conatus
1329 2613 1533 2669 conjecit,
1573 2613 1849 2669 squalebant.
1904 2616 2107 2659 Attamen
2135 2629 2223 2658 non
2250 2622 2337 2656 tam

82 2704 89 2710 ,
141 2670 255 2725 quod
282 2670 442 2713 fluvius
472 2669 641 2725 pallere
668 2671 836 2712 dicatur
864 2669 1060 2720 offendit,
1105 2670 1305 2723 quamvis
1327 2669 1422 2724 jam
1450 2683 1584 2723 supra
1611 2670 1789 2714 decolor
1817 2671 2065 2714 nominatus
2093 2670 2171 2721 sit3
2207 2682 2337 2725 quam

136 2738 344 2768 numerus
372 2724 556 2781 pluralis
590 2726 648 2768 de
675 2740 762 2768 uno
790 2724 924 2768 fluvio
963 2722 1157 2767 Acheloo
1195 2733 1443 2780 usurpatus·
1509 2725 1803 2775 Quamobrem
1839 2725 2006 2770 lumina
2042 2726 2132 2782 legi
2172 2723 2336 2768 malim.

139 2779 182 2823 A
249 2786 349 2824 oeta
386 2782 500 2824 enim
528 2780 752 2825 Achelous
788 2779 1066 2832 vulneribus,
1135 2794 1220 2822 uae
1247 2779 1479 2835 Nymphae
1517 2791 1692 2835 curent,
1733 2783 1915 2825 affectus
1937 2783 2124 2838 fingitur.
2190 2781 2340 2837 ltaque

140 2849 194 2878 oc
241 2849 292 2878 os
310 2850 482 2893 quoque
502 2835 753 2880 vulneratos
775 2836 927 2888 fuisse,
955 2836 995 2879 si
1016 2843 1122 2891 puta
1152 2836 1216 2894 is,
1232 2840 1388 2891 poetae
1406 2836 1591 2881 consilio
1618 2845 1660 2881 et
1673 2839 1912 2882 sententiae
1926 2853 2015 2881 non
2030 2836 2340 2936 {cfragaberis

688 1258 819 1294 Civilis
848 1257 1038 1294 dissensus
1068 1263 1160 1294 erat.

207 1322 209 1324 ’
250 1321 368 1364 Haec
396 1326 497 1363 sunt
525 1320 658 1363 verba
672 1319 840 1363 Romae
866 1319 989 1372 deae,
1019 1319 1176 1377 quibus
1193 1319 1442 1372 Honorium,
1470 1326 1517 1361 ut
1533 1319 1719 1362 Romam
1743 1321 1896 1362 urbem
1912 1320 2079 1373 redeat,
2109 1318 2333 1376 impellere
