2546 3210
1221 232 1325 279 ΧΠ
2424 174 2472 224 ὕ

990 348 1021 369 Ι

89 227 98 467 l
288 376 391 419 Vss.
424 375 506 419 169
536 382 576 416 et
605 374 698 416 170.

727 433 837 478 Quae
868 435 1042 484 scopulos
1072 443 1258 474 tormenta
1286 432 1439 473 rotant?
1466 435 1575 480 Quae
1605 442 1709 473 tanta
1737 447 1918 472 cavernas
1967 450 1973 454 ·

721 488 790 525 Vis
819 489 1035 538 glomerat?
1090 492 1175 534 Quo
1202 491 1309 528 sonte
1335 492 1410 527 ruit
1437 490 1639 527 Vulcanius
1668 486 1821 526 amnis?

289 553 483 595 Goenero
502 563 590 592 non
618 548 906 605 intelligenti,
922 553 1024 617 quid
1052 552 1107 594 sit
1124 564 1337 595 cavernas
1366 550 1622 606 glomerare,
1650 550 1796 606 placet
1821 550 1951 593 lectio
1966 550 2134 607 CuJacii
2156 551 2378 607 procella-5

180 622 259 663 pro
290 618 504 648 cavernas
536 618 700 661 easque
731 618 832 647 esse
860 606 963 648 dicit
988 607 1126 649 nubes
1153 608 1307 662 spiri-tu
1335 606 1579 650 vehementi
1609 613 1744 648 actas.
1801 606 1953 649 Nubes
1983 613 2139 659 autem,
2171 614 2281 663 quas
2308 605 2379 650 vis

179 665 345 708 Aetnae
373 660 529 704 montis
557 668 761 716 procreet
789 660 861 704 vel
890 661 1119 717 glomeret,
1157 676 1343 705 necesse
1373 670 1438 705 est
1468 664 1637 718 copiam
1667 661 1824 704 cineris
1852 675 1974 710 esse:
2017 662 2095 703 sed
2122 675 2211 704 non
2239 662 2378 714 video,

179 732 263 773 qno
285 718 387 773 jure
415 717 559 758 nubes
588 717 737 762 cinere
767 717 1063 760 conformatae
1089 717 1312 772 procellae
1339 718 1554 761 nominari
1581 719 1762 775 possint.
1818 715 1965 760 Velim
1994 716 2166 773 signum
2194 717 2378 784 primum

179 773 527 828 interrogationis
559 774 602 815 in
633 787 805 816 comma
835 783 876 816 et
907 775 1200 816 accusativum
1230 778 1447 817 cavernas
1474 775 1519 816 in
1549 775 1783 829 genitivum
1811 786 2031 816 cavernae
2056 781 2225 815 mutari.
2281 775 2378 823 Quo

179 829 247 879 fit,
277 835 324 869 ut
350 830 553 882 scopulos
583 829 639 870 ad
669 830 879 884 ylomerat
906 829 1057 870 referri
1087 842 1197 883 opus
1226 831 1302 879 sit:
1341 837 1387 871 ut
1417 830 1629 872 sententia
1654 829 1768 871 haec
1795 828 1877 871 sit:
1917 841 2033 884 quae
2058 834 2180 871 tanta
2207 827 2277 870 vis
2301 841 2377 871 ca·

178 897 343 926 vernae
372 883 588 939 (Aetnae)
618 883 831 940 glomerat
860 883 1095 938 scopulos?
1980 902 1985 905 ·
2022 901 2034 912 ²
2260 884 2263 887 ’

289 960 394 1003 Vss.
421 961 519 1003 276.
739 968 895 1014 Jamque
926 966 1020 1001 viam
1050 965 1187 1002 Pluton
1221 978 1376 1016 superas
1409 965 1561 1003 molitur
1589 966 1638 1003 acl
1670 978 1779 1003 auras

737 1020 918 1057 Germani
948 1021 1103 1058 monitu.

286 1083 409 1124 Haec
437 1083 575 1124 verba
601 1082 840 1136 Koenigius
873 1094 960 1122 non
1001 1082 1216 1137 respexit,
1255 1095 1388 1136 quum
1417 1082 1463 1122 in
1488 1081 1821 1137 prolegomenis·
1843 1082 1969 1137 p.‚54
1997 1080 2286 1124 Claudianum
2312 1080 2382 1123 his

179 1136 541 1194 reprehenderet:
573 1137 816 1187 miraberis,
847 1136 1081 1186 Plutonem,
1109 1137 1181 1192 qui
1206 1137 1261 1179 de
1276 1138 1399 1180 Jovis
1425 1138 1604 1180 consilio
1622 1137 1807 1181 nondum
1833 1143 1931 1180 erat
1957 1137 2133 1180 edoctus
2151 1135 2382 1187 nesciebat,

182 1194 498 1259 Pmserpinam
526 1193 611 1234 sibi
638 1193 916 1241 destinatam,
956 1206 1033 1234 nec
1070 1191 1143 1233 ubi
1165 1193 1349 1247 ,qentium
1378 1193 1455 1234 illa
1484 1199 1731 1236 moraretur
1737 1200 1756 1242 ,'
1793 1193 1923 1235 nihilo
1961 1194 2098 1235 minus
2133 1199 2271 1236 tamen
2299 1193 2384 1235 iter

181 1248 244 1291 ad
268 1261 453 1304 superos
475 1260 657 1302 parare.
715 1248 778 1290 Eo
804 1255 969 1289 tantum
995 1248 1170 1289 nomine
1194 1252 1321 1302 poEta
1344 1248 1542 1291 accusari
1570 1249 1739 1303 poterit,
1768 1248 1883 1304 quod
1905 1252 2131 1303 poetarum
2160 1248 2382 1303 epicorum

180 1318 345 1346 morem
370 1316 455 1344 non
485 1311 662 1344 secutus
693 1304 748 1344 sit
776 1316 918 1359 neque
947 1301 1121 1358 longius
1152 1302 1262 1345 haec
1292 1304 1453 1346 monita
1482 1303 1762 1347 enarraverit.

293 1382 362 1424 De
391 1387 520 1435 raptu
548 1380 749 1435 Proserp.
779 1381 874 1423 Lib.
903 1381 956 1422 ll.
985 1395 1075 1423 vss.
1105 1381 1290 1423 24—26.

736 1452 928 1501 Hastaque
958 1453 1095 1488 teribili
1125 1464 1281 1500 surgeus
1313 1463 1382 1500 per
1409 1451 1539 1488 nubila
1567 1464 1658 1499 gyro

736 1506 858 1541 Instar
886 1506 999 1542 habet
1027 1507 1155 1541 silvae.
1212 1506 1381 1541 Tamum
1413 1505 1610 1541 stridentia
1638 1506 1734 1542 colla

2455 1573 2459 1590 ..
2454 1423 2459 1563 ..---.--
2451 1263 2457 1413 -.-.-—·.
2447 769 2456 1253 -.-—-..-—.—..——...--

740 1560 941 1609 Gorgonos
970 1562 1123 1596 obtentu
1154 1560 1279 1609 pallae
1305 1560 1485 1616 fulgentis
1515 1561 1716 1597 inumbrat.

101 1400 103 1422 Ι

98 1540 104 1620 Ι
289 1634 455 1678 Silvam
485 1634 540 1676 de
567 1646 655 1675 una
682 1633 841 1676 arbore
870 1631 1050 1687 intelligi
1079 1630 1221 1675 velim.
1276 1632 1384 1675 Stat.
1407 1630 1485 1676 Th.
1506 1632 1584 1688 Vl,
1610 1632 1695 1676 280
1722 1633 1777 1676 de
1802 1633 2010 1678 Tantalo:
2038 1635 2112 1690 qui
2136 1632 2386 1678 fallentibus
2455 1676 2459 1687 ,

101 1681 105 1788 ²
178 1691 310 1732 undis
337 1691 535 1731 Imminet
572 1696 648 1729 aut
682 1688 866 1740 refugae
894 1687 1080 1727 sterilem
1117 1688 1231 1741 rapit
1268 1693 1374 1735 aera
1402 1687 1553 1728 silvae.
1607 1688 1733 1729 Mart.
1762 1689 1847 1741 XI,
1882 1690 1951 1730 41.
2014 1688 2229 1740 Cedentes
2264 1690 2386 1731 oneri
2455 1697 2459 1734 Ι,

180 1758 326 1788 ramos
365 1743 611 1799 silvamque
646 1740 850 1785 fluentem
888 1741 1001 1784 vicit.
1065 1741 1288 1784 Gesnerus
1329 1740 1559 1797 explicuit:
1601 1742 1808 1786 terribilis
1836 1757 1974 1800 yyrus
2003 1749 2151 1799 potest
2188 1744 2387 1799 cogitari,
2455 1739 2460 1783 ί

183 1801 392 1858 quomodo
418 1801 564 1842 instar
589 1800 730 1841 silva-e
755 1797 925 1847 habeat,
953 1797 1052 1853 quia
1082 1798 1135 1838 de
1163 1798 1263 1840 viva
1289 1799 1405 1847 Dea,
1434 1798 1519 1841 non
1547 1798 1601 1839 de
1625 1799 1822 1854 imaqine,
1851 1799 2038 1854 loquitur
2054 1803 2213 1854 poeta,-
2250 1800 2384 1841 multi-
2456 1797 2459 1857 ξ

218 1856 379 1897 licetur
407 1854 463 1896 ab
492 1856 567 1896 illo
593 1854 724 1895 celeri
747 1855 1003 1894 circumactu
1031 1852 1160 1894 hasla
1186 1860 1226 1894 et
1252 1864 1337 1895 non
1365 1865 1491 1894 unam
1519 1852 1735 1903 arborem,
1763 1854 1845 1895 sed
1868 1855 2021 1896 silvam
2048 1853 2221 1901 exbibet.
2277 1852 2385 1896 Mihi
2457 1863 2459 1908 ξ

181 1869 316 1952 ἔειπε
339 1908 520 1951 terribili
548 1921 658 1963 gyro
678 1921 862 1961 surgens
893 1914 957 1949 est
983 1906 1109 1949 hasta
1138 1915 1336 1949 tremens.
1393 1907 1514 1962 Virg.
1537 1908 1645 1949 Aen.
1672 1906 1731 1961 ll,
1772 1908 1853 1951 175
1881 1909 1936 1950 de
1953 1906 2155 1951 Pallade:
2201 1908 2387 1951 Emicuit
2457 1917 2459 1939 ἐ

186 1977 475 2020 parmamque
502 1962 646 2005 ferens
674 1961 932 2018 hastamque
961 1970 1221 2004 trementem.
1276 1962 1513 2016 Sequentia
1540 1961 1626 2004 hac
1655 1964 1876 2005 sensentia
1906 1964 2078 2018 adjecta
2109 1978 2208 2006 esse
2236 1965 2387 2006 viden-
2456 1974 2460 2017 ς

187 2027 281 2062 tur:
335 2018 478 2061 Etiam
509 2016 626 2061 aliud
658 2018 862 2073 quiddam
891 2014 1081 2059 terribile
1110 2025 1251 2073 gestat
1281 2016 1447 2069 Pallas,
1488 2026 1616 2073 eaput
1644 2018 1857 2062 Medusae
1884 2019 1928 2062 in
1958 2018 2156 2069 thorace;
2195 2020 2273 2062 sed
2304 2019 2386 2062 hoc
2456 2020 2460 2045 ἕ

190 2075 385 2127 conspici
422 2089 509 2114 non
538 2081 700 2128 potest,
743 2075 845 2128 quia
874 2074 1046 2114 obtentu
1074 2072 1222 2128 pallae
1261 2072 1376 2114 colla
1404 2073 1623 2128 Gorgonis
1651 2074 1964 2116 inumbrantur.
2028 2073 2153 2117 Palla
2189 2074 2386 2117 existimo
2456 2058 2461 2116 l

190 2127 418 2172 Palladem
448 2129 642 2171 indutam
674 2143 783 2181 esse,
818 2143 915 2170 cum
945 2128 1076 2170 otium
1106 2129 1195 2183 agit
1222 2142 1366 2184 neque
1394 2129 1460 2171 rei
1488 2127 1682 2171 militaris
1711 2130 1907 2173 studiosa
1938 2138 2015 2173 est.
2070 2130 2295 2173 Gesnerus
2323 2138 2387 2172 ta·
2457 2120 2461 2182 ἷ
2485 2177 2489 2185 Ι

190 2199 306 2236 men,
335 2186 448 2240 quod
476 2186 676 2226 Minerva
706 2198 755 2225 se
782 2184 899 2239 palla
927 2185 1094 2236 texerit,
1125 2185 1238 2227 hanc
1265 2197 1447 2226 causam
1475 2184 1633 2237 smtuit,
1662 2197 1719 2227 ne
1745 2183 1856 2228 forte
1883 2185 2188 2242 Proserpinam
2214 2192 2387 2229 terreat.
2457 2195 2461 2239 ι

190 2241 279 2284 Sed
308 2254 393 2283 non
424 2241 597 2282 memini
627 2255 697 2282 me
724 2239 897 2294 legisse,
926 2240 1190 2282 immortales
1226 2241 1310 2282 hoc
1339 2242 1548 2295 adspectu
1575 2241 1728 2282 terreri
1788 2255 1900 2284 osse.
1957 2241 2158 2284 Ceterum
2186 2240 2387 2284 conferas
2458 2242 2461 2280 Ι

191 2294 377 2338 similem
405 2295 548 2338 locum
580 2297 694 2352 apud
715 2296 837 2351 Virg.
853 2296 962 2339 Aen.
992 2295 1067 2348 Xl,
1097 2296 1163 2339 66.
1222 2296 1564 2352 Exstructosque
1591 2303 1709 2339 toros
1730 2310 1755 2339 o
1788 2304 1905 2339 tentu
1933 2295 2100 2339 frondis
2130 2297 2389 2340 inumbrant.
2458 2304 2462 2330 i

191 2353 325 2393 Poeta
353 2352 481 2393 etiam
509 2352 553 2392 in
580 2353 858 2405 sequentibus
889 2353 954 2392 bis
982 2352 1212 2404 Gorgonos
1243 2352 1394 2405 capitis
1431 2353 1688 2393 mentionem
1724 2351 1849 2394 facit:
1878 2366 1920 2394 v.
1955 2353 2039 2394 205
2075 2352 2152 2392 ubi
2177 2343 2389 2403 Minerva,
2458 2332 2462 2416 l

2458 2424 2462 2450 ι

191 2405 378 2449 Plutone
406 2406 710 2461 Proserpinam
740 2407 957 2462 rapiente,
998 2405 1082 2448 hoc
1115 2405 1287 2449 facinus
1325 2405 1597 2462 prohibitura
1623 2406 1723 2462 jam
1755 2409 1984 2464 Goryonos
2011 2419 2097 2450 ora
2122 2409 2311 2458 revelat,
2349 2414 2389 2449 et

192 2476 233 2504 v.
264 2462 347 2503 ‘2⁶25
383 2463 620 2517 Gorgoneis
646 2475 845 2517 premens
877 2462 1077 2504 assibilat
1106 2462 1271 2517 hydris.

308 2538 410 2581 VSS.
438 2539 491 2580 41
738 2544 900 2580 Pectinis
929 2545 1083 2592 ingenio
1111 2557 1303 2593 nunquam
1331 2545 1477 2580 felicior
1505 2545 1577 2580 arti

747 2597 914 2647 Contigit
940 2605 1107 2637 eventus.

304 2661 501 2702 Gesner-0
533 2660 703 2701 videtur
731 2661 943 2711 genitivus
972 2661 1157 2715 pectinis
1185 2662 1376 2714 pendere
1403 2662 1459 2702 de
1488 2661 1633 2703 dativo
1661 2662 1746 2704 arti
1755 2675 1769 2710 ς
1809 2660 2089 2717 quamobrem
2116 2660 2263 2704 vertit:
2308 2660 2392 2703 Nie

110 2736 115 2773 ς
184 2717 247 2760 ist
272 2715 352 2758 der
380 2715 522 2758 Kunst
560 2713 699 2757 durch
727 2713 858 2756 Hiilfe
895 2715 971 2756 des
1000 2716 1139 2758 Genie
1177 2715 1244 2756 ein
1272 2716 1411 2758 Stiick
1448 2717 1600 2759 besser
1625 2716 1859 2771 gerathen,
1902 2724 2032 2771 atque
2067 2719 2392 2770 interpretatur:

112 2777 114 2792 ²
187 2783 405 2828 nunquam
433 2771 603 2826 ingenio
639 2769 820 2825 artificis
848 2771 937 2811 arti
962 2772 1144 2825 pectinis
1172 2770 1211 2812 Ιι.
1239 2783 1275 2813 e.
1300 2772 1484 2815 texendi
1508 2772 1683 2828 contiyit
1708 2776 1885 2814 eventus
1906 2769 2091 2826 felicior.
2160 2771 2248 2815 Sed
2286 2770 2392 2815 mihi

111 2802 115 2850 Ι
188 2825 690 2894 Ὗίᾱαατρχρίἰρεέῃᾶιιιῃ
710 2838 833 2922 655ΐὶε
860 2827 1045 2924 ρειῗίηἰει
1063 2825 1273 2924 facultgte
1293 2827 1514 2924 nupquam
1541 2828 1624 2871 arti
1651 2825 1821 2870 felicior
1843 2834 2024 2871 eventus
2048 2826 2238 2884 contigit.
2292 2827 2392 2873 cui-

192 2897 278 2939 que
306 2897 420 2926 emm
447 2897 512 2925 rei
541 2896 761 2937 ingemum
820 2911 831 2924 .
863 2895 898 2923 e.
948 2896 1027 2923 acu
1048 2890 1112 2925 tas
1140 2891 1194 2925 tri
1227 2884 1271 2925 ui
1300 2896 1349 2924 so
1370 2892 1422 2925 et.
1705 2895 1709 2899 ·
2460 2905 2463 2954 Ι

93 2991 566 3037 *s-—„„„„„r*

1598 3007 2025 3012 ,μμ-ψΗ-μμ
2075 3010 2126 3012 ῃ
2199 2957 2490 3035 ,mmemu
