2546 3210
38 424 51 432 Ι

70 1189 74 1221 u
66 237 77 1182 ›ffl—

44 2992 93 3038 ἐκ

961 710 1535 818 Disputatio

470 882 556 952 de
604 885 956 954 nonnullis
999 883 1367 955 Claudiani
1416 890 1798 954 carminum
1841 885 2029 952 locis.

149 1296 559 1393 Disputationem,
596 1328 667 1370 cui
695 1326 823 1372 lectio
853 1327 1085 1373 Claudiani
1113 1342 1297 1386 operum
1329 1330 1556 1373 materiam
1584 1328 1725 1381 dedit,
1764 1328 1808 1371 in
1837 1326 2015 1385 publico
2041 1326 2347 1384 propositurus
2373 1382 2383 1388 .

148 1395 237 1422 non
253 1395 421 1435 ignoro,
449 1383 609 1424 multos
638 1383 746 1434 sore,
776 1385 849 1438 qui
866 1384 1157 1426 Claudianum
1182 1399 1272 1426 non
1302 1387 1409 1427 satis
1437 1387 1616 1439 dignum
1642 1388 1815 1438 poetam
1844 1397 1942 1424 oese
1967 1391 2191 1432 censeant,
2220 1381 2347 1446 cujus

150 1438 346 1479 carmina
372 1436 602 1491 diligenter
620 1444 868 1480 tractentur.
925 1439 1013 1482 Sed
1028 1446 1076 1482 ut
1094 1441 1345 1491 concedam,
1373 1438 1662 1483 Claudianum
1686 1452 1776 1481 non
1796 1451 1895 1480 eum
1915 1451 2027 1490 esse,
2055 1449 2185 1492 quem
2209 1435 2347 1479 imite-

149 1492 226 1545 ris,
253 1490 329 1533 ille
356 1492 554 1547 profecto
584 1492 630 1534 in
655 1492 800 1535 multis
826 1492 949 1547 10011,
977 1495 1214 1551 praecipue
1244 1495 1288 1537 in
1313 1495 1692 1550 descriptionibus,
1723 1492 1994 1536 admirabilis
2016 1492 2190 1544 exstitit,
2218 1503 2347 1546 prae·

150 1548 300 1589 sertim
339 1561 496 1602 quum,
532 1547 832 1591 Alexandriae
861 1557 1014 1602 natus,
1055 1564 1227 1593 summa
1262 1565 1362 1593 cum
1403 1558 1497 1592 arte
1524 1550 1684 1592 latinos
1719 1562 1877 1591 versus
1915 1546 2163 1590 confecerit.
2219 1548 2346 1597 Quae

150 1615 282 1657 quum
308 1603 371 1645 ita
394 1603 502 1655 sint,
531 1602 636 1643 mihi
664 1604 820 1645 mirum
847 1604 1040 1658 videtur,
1069 1606 1185 1661 quod
1212 1619 1340 1647 nemo
1367 1612 1540 1661 praeter
1566 1604 1827 1659 Koenigium
1857 1617 1912 1644 ex
1940 1603 2062 1644 initio
2086 1601 2219 1658 hujus
2247 1614 2345 1643 sae-

150 1656 237 1698 culi
264 1655 367 1709 fuit,
404 1658 477 1714 qui
504 1657 635 1713 hujus
663 1663 819 1715 poetae
846 1660 1050 1715 operibus
1080 1661 1320 1703 tractandis
1349 1661 1538 1702 studium
1566 1660 1845 1715 impenderet.
1902 1659 2053 1714 Nuper
2081 1654 2271 1700 Orellius
2298 1657 2343 1698 in

148 1712 323 1755 Probini
354 1721 397 1755 et
422 1712 590 1767 Olybrii
618 1714 892 1757 consulatum
921 1715 1169 1771 Panegyrin
1200 1723 1242 1758 et
1269 1716 1311 1757 in
1341 1716 1547 1758 Rufinum
1575 1714 1712 1757 libros
1738 1715 1849 1757 duos
1877 1712 2117 1764 recensuit,
2144 1712 2189 1753 in
2217 1712 2342 1767 cujus

147 1766 283 1810 libelli
310 1768 576 1823 praefatione
603 1769 797 1824 scripsit,
835 1782 884 1811 se
912 1768 996 1813 hoc
1022 1770 1234 1825 opusculo
1263 1771 1564 1814 demonstrare
1591 1770 1806 1821 voluisse,
1842 1782 1959 1811 nova
1979 1769 2074 1824 jam
2103 1780 2215 1823 opus
2243 1779 2343 1809 0550

146 1823 401 1865 recensione
427 1823 557 1881 hujus
588 1829 745 1880 poetae
774 1825 947 1866 minime
976 1827 1288 1867 contemnendi.
1344 1828 1492 1875 Quare
1521 1825 1719 1868 nonnihil
1780 1823 1988 1865 rosecisse
2012 1822 2117 1862 mihi
2145 1822 2342 1873 videbor,

148 1880 187 1920 si
216 1878 381 1934 aliquot
407 1879 524 1921 illius
551 1886 709 1935 poetae
737 1880 859 1932 locis,
889 1896 997 1935 quos
1024 1882 1280 1936 interpretes
1310 1881 1409 1923 aliis
1436 1882 1685 1924 tractandos
1705 1839 1986 1935 reliquerunt,
2018 1881 2162 1920 lucem
2183 1875 2344 1920 afferre

149 1942 314 1992 potero.

255 2012 302 2054 ln
332 2012 458 2055 Prob.
487 2020 528 2055 et
556 2012 705 2071 Olybr.
734 2013 864 2057 Cous.
881 2014 996 2076 NVss.
1026 1999 1222 2058 42454.

698 2098 770 2133 Hic
798 2108 874 2134 11011
904 2096 1051 2133 divitias
1080 2098 1313 2146 nigrantibus
1343 2097 1487 2134 abdidit
1514 2098 1649 2141 antris,
1728 2103 1757 2135 C,

699 2153 781 2190 Nec
807 2153 971 2189 tenebris
998 2151 1187 2189 damnavit
1214 2164 1324 2203 opes:
1356 2152 1421 2190 sed
1454 2153 1594 2202 largior
1624 2153 1742 2189 imbre

699 2207 882 2244 sueverat
909 2208 1123 2243 innumeras
1150 2206 1342 2243 hominum
1371 2207 1491 2244 ditare
1519 2213 1698 2244 catervas.

698 2263 851 2312 Quippe
881 2262 982 2299 velut
1010 2262 1145 2299 densos
1175 2260 1364 2299 currentia
1394 2275 1550 2299 munera
1581 2263 1727 2299 nimbos

698 2317 866 2354 Cernere
894 2329 1042 2368 semper
1071 2323 1169 2364 erat,
1205 2318 1355 2368 populis
1387 2318 1529 2354 undare
1559 2318 1740 2362 Penates,

698 2372 879 2408 Assiduus
912 2373 1053 2409 intrare
1082 2373 1233 2422 inopes,
1270 2384 1439 2409 remeare
1467 2375 1607 2411 beatos.

697 2426 885 2477 Praeceps
916 2427 981 2464 illa
1012 2439 1143 2464 manus
1172 2426 1305 2464 fluvios
1336 2428 1536 2477 superabat
1565 2428 1692 2465 Iberos

699 2484 823 2518 Aurea
851 2482 951 2519 dona
982 2494 1144 2519 vomens.
1198 2482 1263 2519 Sic
1294 2484 1378 2532 quis
1408 2484 1540 2519 tellure
1566 2484 1716 2519 revulsa

698 2537 879 2575 Sollicitis
909 2538 1056 2575 fodiens
1087 2538 1243 2574 rimatur
1271 2539 1428 2575 collibus
1458 2550 1608 2582 aurum3

698 2593 891 2637 Quantum
920 2600 1051 2643 stagna
1079 2592 1179 2643 Tagi
1210 2592 1364 2631 rudibus
1395 2594 1575 2631 stillantia
1604 2594 1710 2631 venis

698 2649 891 2686 Effluxere
921 2649 1057 2693 decus;
1084 2655 1224 2698 quanto
1258 2651 1422 2700 pretiosa
1453 2650 1604 2686 metallo

700 2705 828 2741 Hermi
855 2705 939 2755 ripa
966 2705 1097 2749 micat3
1127 2711 1287 2754 quantas
1316 2717 1385 2755 per
1412 2705 1535 2753 Lydia
1566 2706 1667 2743 culta

699 2759 907 2811 Despumat
936 2760 1066 2797 rutilas
1095 2759 1200 2797 dives
1228 2759 1403 2797 Pactolus
1428 2771 1575 2798 arenas.

259 2833 485 2891 Quemque
521 2832 602 2875 1105
640 2846 796 2876 versus
833 2833 992 2879 attente
1026 2832 1243 2888 legentem
1279 2832 1536 2889 singulaque
1575 2834 1803 2889 diligenter
1839 2836 2178 2891 perpendentem
2213 2830 2348 2887 plura

151 2883 381 2933 offendent.
437 2890 545 2933 Jure
573 2888 677 2931 mihi
702 2889 941 2944 Koenigius
968 2888 1141 2932 videtur
1171 2903 1352 2931 censere
1379 2904 1419 2932 v.
1450 2891 1505 2934 45
1534 2891 1813 2953 subdiditium
1843 2904 1963 2944 esse,
1985 2891 2088 2987 qpia
2114 2886 2349 2932 verisimile

2400 2999 2450 3047 «ἡ
