2546 3210
96 769 102 986 τ

97 1091 102 1209 ἱ

97 2011 102 2149 ξ

96 2240 101 2507 i

62 2721 112 3071 ‚1

1148 257 1324 317 cxv*

176 409 221 444 et
245 401 465 456 elegantia
487 401 575 445 loci
601 402 738 445 nostri
766 404 980 447 monenda
1006 403 1125 445 duxi.
1177 400 1404 445 Gesner-us
1430 402 1487 445 (le
1512 410 1598 446 toto
1625 401 1725 446 loco
1759 403 1873 447 haec
1910 401 2241 447 animadversa
2276 414 2369 445 cre-

176 456 266 511 dit,
302 457 419 516 quod
444 462 512 504 eet
535 457 820 517 'Graecisms
847 457 943 504 huic
969 458 1105 521 aetati
1130 457 1415 517 ἰφιωᾳαάαε
1443 461 1485 502 et
1510 459 1820 517 relinquendus.

285 534 389 579 Vss.
415 534 667 580 357—362.

721 599 811 633 Non
839 605 966 634 tamen
994 598 1069 633 hoc
1095 597 1244 633 tardata
1271 597 1409 641 Ceres;
1447 596 1664 633 accenditur
1684 597 1781 633 ultro

721 651 919 704 Religione
945 650 1039 698 loci,
1076 651 1272 703 vibratque
1298 651 1440 691 incerta
1469 650 1649 697 securim,

721 708 847 757 Ipsum
876 708 991 743 etiam
1020 719 1090 758 per
1116 713 1215 743 itura
1243 709 1394 752 Jovcm;
1421 706 1616 743 succidere
1646 708 1777 756 pinus,

720 762 771 807 Et
797 762 916 813 magis
944 762 1085 800 enodes
1112 769 1290 813 properat
1315 769 1554 813 prosternere
1582 760 1734 806 cedros,

721 816 978 869 Exploratque
1005 817 1136 855 obiens
1164 823 1335 864 truncos,
1375 817 1544 868 rectique
1573 822 1743 854 tenorem

722 872 870 922 Stipitis
885 900 896 918 ,
934 880 973 910 et
1000 879 1102 909 certo
1130 878 1343 923 praetentat
1372 873 1524 909 brachia
1553 873 1651 908 nisu.

286 945 335 987 ln
362 945 510 988 verbis
543 939 688 1001 Ιῄειιιι
707 957 799 1001 per
821 946 940 987 itura
963 946 1108 989 Jouem
1136 942 1391 1001 interpretes
1417 944 1751 1000 praepositionis
1773 957 1860 1000 per
1875 945 2250 1001 transpositionem
2276 951 2366 988 sta·

177 1006 314 1044 tuunt.
368 999 594 1044 Gesnerus
623 1007 767 1044 autem
799 1001 1027 1053 existimat,
1055 1000 1280 1044 lectionem
1298 1000 1497 1057 petitura
1522 1000 1579 1043 ab
1606 1000 1703 1056 ipso
1724 999 1965 1044 Claudiano
1986 999 2226 1067 profectam
2251 1012 2366 1054 esse,

177 1054 428 1098 brevitatem
469 1054 670 1121 syllabae
706 1056 924 1099 secundae
960 1070 1199 1109 excusans,
1237 1056 1352 1112 quod
1389 1054 1473 1099 boc
1511 1056 1716 1109 verbum,
1755 1064 1804 1099 ut
1839 1055 1954 1109 alia,
1989 1063 2101 1099 mter
2126 1057 2297 1100 tertiam
2322 1063 2368 1099 et

178 1117 376 1165 quartam
404 1112 755 1166 conjugationem
780 1111 1067 1156 fluctuaverit.
1120 1112 1210 1155 Sed
1233 1112 1312 1154 'vix
1331 1110 1573 1157 Claudiano
1602 1119 1767 1154 tantum
1795 1111 2088 1167 negligentiae
2122 1112 2169 1154 in
2193 1110 2366 1166 legibus

177 1164 368 1208 metricis
395 1166 630 1209 tractandis
656 1166 889 1210 tribuerim.
944 1168 1098 1224 Neque
1114 1167 1336 1211 Gesner-us
1363 1165 1495 1209 alium
1524 1179 1715 1219 errorem
1743 1167 1860 1223 apud
1880 1166 2172 1213 Claudianum
2190 1167 2367 1209 notavit.

176 1221 259 1263 Vir
293 1220 369 1262 ille
405 1222 450 1263 in
485 1223 620 1263 variis
647 1220 905 1264 lectionibus
933 1223 1131 1278 scripsit=
1161 1223 1364 1277 petitura
1393 1235 1537 1265 onmes
1569 1228 1669 1264 ante
1698 1222 1951 1265 auum-itm.
2013 1222 2212 1264 Feritura
2238 1221 2368 1264 MSS.

171 1280 297 1332 petat
322 1276 396 1318 ira
422 1277 610 1333 conjecit
630 1276 808 1332 pulchre
833 1276 1055 1321 Barthius.
1108 1276 1318 1333 Equidem
1353 1277 1537 1333 conjicio
1573 1275 1806 1332 legendum
1844 1290 1945 1320 esse
1977 1277 2155 1320 tritura.
2203 1274 2369 1319 Dolore

175 1329 381 1386 perculsa
408 1330 543 1374 Ceres
567 1345 656 1374 non
680 1332 863 1384 dubitet,
894 1333 1048 1375 Jovem
1077 1332 1224 1387 ipsum·
1255 1332 1399 1374 securi
1437 1339 1588 1374 terere.
1643 1332 1734 1374 Cur
1759 1333 1923 1374 dubitet
1958 1333 2141 1374 arbores
2166 1332 2268 1375 Jovi
2295 1344 2368 1373 sa-

177 1400 278 1429 cras
305 1386 522 1430 caedere?
580 1387 655 1430 Sic
683 1386 951 1430 Claudianus
979 1386 1098 1436 dixit,
1124 1387 1311 1431 Martem
1338 1386 1592 1441 languentia
1609 1387 1806 1430 membra
1832 1387 2023 1443 gigantis
2050 1401 2185 1430 cursu
2209 1395 2368 1431 terere.

175 1440 231 1484 Et
258 1439 471 1495 formulae
499 1443 733 1485 admonere
760 1442 932 1485 licebit:
968 1450 1017 1486 ut
1047 1441 1178 1486 illum>
1200 1442 1274 1486 Dii
1301 1449 1444 1485 terant
1475 1450 1555 1485 etc.
1612 1441 1798 1485 Versum
1828 1442 1913 1486 362
1937 1442 2164 1486 Gesnerus
2193 1443 2260 1485 sic
2290 1455 2366 1485 ex-

176 1496 334 1552 plicat:
368 1498 500 1540 Ceres
521 1498 749 1553 prehendit
776 1498 958 1542 arbores
985 1504 1027 1541 et
1055 1510 1265 1541 concussu
1289 1499 1443 1554 stupis
1466 1504 1715 1557 praetentat
1742 1498 1923 1541 brachia
1950 1500 2147 1549 illarum,
2174 1512 2234 1542 aa
2255 1511 2365 1554 pos·

175 1552 264 1595 sint
300 1553 416 1594 illam
446 1551 754 1607 jactationem,
800 1567 888 1609 qua·
927 1566 1067 1596 usura
1105 1558 1228 1603 erat,
1267 1551 1406 1607 ferre.
1460 1554 1548 1596 Sed
1582 1567 1672 1596 non
1713 1553 1895 1596 brachia
1931 1554 2134 1597 arborum
2165 1553 2364 1597 existimo

174 1605 458 1662 intelligenda
482 1621 593 1662 esse,
620 1608 698 1653 sed
727 1608 900 1653 Cereris
926 1607 1078 1666 ipsius.
1135 1606 1300 1654 Similis
1327 1607 1453 1652 locus
1482 1615 1547 1652 est
1573 1609 1690 1665 apud
1720 1608 1845 1654 ovid.
1871 1608 1973 1653 Met.
1998 1608 2118 1663 vlu,
2146 1609 2187 1653 7.
2232 1608 2365 1653 Prae·

174 1669 394 1718 tentatque
421 1664 608 1719 (Minos)
637 1665 706 1706 sui
734 1665 855 1706 vires¹
874 1665 1089 1707 Mavortis
1119 1665 1166 1706 in
1191 1665 1301 1705 urbe
1326 1663 1544 1707 Alcathoi.

284 1739 385 1782 Vss.
415 1739 499 1782 389
526 1766 558 1771 -
572 1741 668 1783 39-1.
726 1783 728 1785 .

719 1799 825 1838 Dant
852 1799 1029 1837 tenebrae
1054 1799 1262 1850 Manesque
1291 1800 1413 1837 locum
1441 1800 1655 1850 plantisque
1685 1800 1867 1837 resultant

721 1855 884 1946 ἔπτυε
912 1854 1082 1891 serratis:
1111 1854 1231 1891 donec
1257 1854 1540 1904 Phlegethontis
1568 1855 1618 1892 ad
1649 1855 1787 1891 undam

756 1909 910 1948 onstitit.

287 1970 510 2013 Gesnerus
543 1977 666 2025 putat
693 1970 796 2014 Meo*
827 1983 928 2014 erae
965 1969 1141 2027 plantas
1176 1970 1361 2013 ferratas
1397 1971 1549 2024 tribui,
1587 1971 1688 2028 quip
1724 1984 1749 2013 e
1776 1982 1888 2028 quae
1913 1969 2031 2013 laedi
2059 1970 2117 2013 ab
2145 1971 2250 2027 igne
2274 1983 2365 2013 non

176 2025 356 2081 possint.
392 2025 501 2067 Mihi
530 2040 635 2068 vero
663 2040 751 2068 non
810 2041 863 2069 ac
891 2027 946 2068 de
976 2040 1134 2070 caussa
1162 2040 1238 2070 eas
1268 2026 1404 2070 Dirae
1437 2027 1606 2070 videtur
1632 2027 1687 2068 tri
1718 2027 1854 2079 uisse,
1877 2027 1957 2068 sed
1984 2026 2161 2070 omnino
2187 2033 2239 2068 ut
2262 2027 2365 2068 diri·

175 2088 307 2124 tatem
336 2081 495 2124 Furiae
522 2082 798 2138 significaret.

288 2158 534 2215 Gigantom.
565 2173 607 2204 v.
639 2160 749 2203 16-
765 2160 834 2203 20.

724 2232 873 2269 Sentiet
896 2233 960 2269 ille
987 2244 1090 2269 meas
1120 2228 1301 2281 (Terrae)
1330 2230 1486 2269 tandem
1511 2231 1710 2269 Saturnius
1743 2231 1830 2269 iras.

719 2288 929 2337 Agnoscet‚
965 2286 1071 2339 quod
1094 2286 1217 2324 Terra
1242 2292 1379 2337 potest.
1434 2286 1500 2324 Sic
1528 2287 1667 2324 viribus
1695 2286 1783 2323 ullis

720 2342 879 2378 Vincor:
908 2355 975 2379 cur
1004 2342 1147 2390 Cybele
1174 2342 1283 2379 nobis
1311 2342 1469 2379 meliora
1495 2339 1665 2379 creavit?

722 2396 802 2434 Cur
828 2397 953 2434 nullus
980 2397 1147 2435 Telluris
1174 2392 1325 2436 honos?
1354 2408 1421 2434 cur
1447 2409 1598 2448 semper
1621 2396 1765 2434 acerbis

719 2452 783 2489 Me
810 2452 963 2489 damnis.
982 2464 1117 2503 urgere
1143 2448 1270 2489 solet?

287 2523 518 2568 Gesner-us*
537 2525 583 2568 in
608 2525 744 2578 variis
770 2523 1052 2576 lectionibus3
1079 2530 1305 2583 cynosrat,
1332 2525 1436 2582 qm’d
1462 2524 1573 2581 wly.
1598 2526 1642 2567 si
1667 2524 1874 2569 curribus
1894 2526 1984 2569 {11ss
2010 2525 2114 2570 MS.
2129 2527 2172 2569 si
2198 2525 2365 2569 viribus

175 2580 288 2636 euly-
339 2582 409 2625 Ex
435 2580 506 2624 his
532 2588 695 2624 textum
723 2581 788 2624 sic
813 2582 1065 2624 mutandum
1082 2594 1266 2623 censeo:
1292 2580 1529 2635 Agnoscet,
1558 2580 1660 2636 quid
1679 2580 1817 2624 Terra
1833 2589 1998 2638 potest3
2024 2583 2062 2625 si
2079 2581 2362 2625 viribusnllis

176 2637 359 2680 vincor?
397 2650 501 2680 num
529 2637 696 2695 Cybele
721 2637 847 2681 nobis
874 2636 1057 2682 meliora
1084 2636 1278 2680 creavit?
1326 2636 1440 2681 Num
1464 2650 1545 2692 pro
1573 2649 1655 2680 cur
1681 2637 1936 2696 conjectura
1962 2645 2048 2689 εἰς
2083 2637 2221 2683 verba
2249 2640 2362 2682 enim

177 2704 258 2734 cm·
292 2692 445 2750 Oybele
479 2693 604 2735 nobis
636 2695 813 2736 meliora
846 2694 1013 2735 creavit
1046 2699 1147 2734 sunt
1182 2693 1483 2741 concedentis3
1522 2693 1602 2733 sed
1629 2693 1771 2735 Terra
1787 2706 1848 2736 'se
1873 2707 1991 2736 nunc
2022 2693 2207 2737 meliora
2232 2706 2360 2749 quam

177 2746 372 2803 Cybelen
401 2749 624 2793 creavisse
646 2749 872 2794 existimat.
921 2749 997 2793 Sic
1025 2748 1149 2792 etiam
1176 2762 1265 2792 vox
1289 2748 1389 2792 ullis
1414 2762 1542 2790 suum
1559 2746 1707 2793 locum
1724 2749 1897 2793 obtinet.
1938 2750 2066 2793 Putat
2081 2749 2195 2793 enim
2210 2749 2360 2801 Terra,

174 2814 228 2845 se
250 2802 386 2848 nullis
412 2804 581 2848 viribus
608 2805 725 2849 vinci
759 2817 903 2861 posse.
959 2804 1079 2848 Haec
1113 2803 1277 2847 fiducia
1310 2810 1402 2847 tota
1435 2803 1631 2848 oratione
1665 2806 1931 2863 exprimitur.
1985 2804 2042 2849 Et
2072 2806 2223 2849 modus
2248 2803 2360 2847 indi-

175 2859 343 2902 cativus
370 2861 497 2903 etiam
525 2861 651 2916 apud>
671 2860 783 2904 alios
805 2861 1038 2916 scriptores
1064 2860 1110 2902 in
1136 2859 1215 2903 tali
1239 2867 1458 2903 structura
1483 2861 1711 2917 reperitur.
1746 2862 1900 2918 Neque
1912 2861 2107 2905 dubitavi
2130 2860 2360 2904 lectionem

173 2911 393 2972 vulgatam
419 2922 647 2974 agnoscet,
684 2917 789 2974 quid
815 2916 940 2962 alteri
965 2914 1200 2974 praeferre.
1256 2914 1322 2961 cf.
1349 2916 1405 2960 de
1428 2919 1560 2973 raptu
1587 2916 1710 2962 Pros.
1735 2915 1769 2972 1,
1796 2931 1838 2962 v.
1863 2917 2059 2962 25-52.
