2546 3210
52 163 102 211 *
215 147 229 159 x

76 219 79 234 1

76 236 79 323 ἰ

87 2992 202 3006 ,0-1

1221 218 1291 265 VI

267 363 370 405 Vss.
400 361 481 404 105
493 386 539 392 —
553 359 645 402 110.

866 432 952 468 Jam
981 432 1153 469 libertate
1182 431 1357 476 reducta,

703 487 885 531 Quamvis
913 488 1110 524 emeritum
1140 492 1288 537 peteret
1312 492 1448 524 natura
1477 487 1613 524 reverti

700 541 876 587 Numen,
915 548 953 580 et
985 547 1133 579 auratas
1159 547 1345 579 astrorum
1370 541 1555 593 panderet
1582 553 1712 587 arces,

700 597 939 648 Nutaretque
966 598 1071 635 oneri
1097 603 1255 634 venturo
1284 599 1455 634 conscius
1483 598 1608 634 Atlas:

700 651 859 690 Distulit
886 653 1073 703 Augustus
1101 651 1239 702 cupido
1271 663 1312 689 se
1339 652 1494 690 credere
1524 652 1651 698 coelo,

702 707 805 744 Dum
834 708 902 744 tibi
932 713 1104 757 pacatum
1132 707 1325 756 praesenti
1352 707 1518 744 traderet
1545 709 1685 746 orbem.

256 780 501 834 Koenigius
531 780 867 835 interpretatur:
894 781 1022 822 Atlas
1050 783 1199 829 nutat,
1236 781 1278 821 sn·
1308 778 1388 822 lmc
1416 780 1597 836 illucque
1618 780 1815 836 pondere
1839 781 2087 833 inclinatur,
2115 787 2157 823 et
2183 781 2349 838 quidem

152 850 217 886 eo,
245 835 361 891 quod
388 848 664 877 accessuram
695 836 834 878 animo
849 833 947 890 jam
971 836 1228 889 praesentit,
1246 833 1344 890 jam
1374 836 1514 878 animo
1535 834 1728 889 futurum
1746 849 1853 878 onus
1876 837 2075 879 sentiens.
2125 835 2349 878 Gesner-us

150 891 462 946 interpretandi
499 904 639 932 causa
666 891 775 933 Luc.
802 891 843 942 1,
884 890 938 932 56
968 890 1109 931 citans
1138 890 1319 932 eandem
1350 890 1609 933 sententiam
1636 889 1868 947 amplexus
1897 904 1995 933 esse
2021 891 2203 934 videtur.
2259 890 2350 933 Sed

152 946 350 989 existimo
386 953 543 989 nutare
569 944 643 989 hic
667 946 782 990 idem
811 958 909 987 esse
936 946 1051 1000 quod
1078 946 1285 989 adnuere.
1340 947 1389 991 Si
1422 946 1537 988 enim
1566 953 1723 990 nutare
1749 945 1792 989 h.
1819 945 1849 989 l.
1879 953 1995 989 esset
2027 946 2238 997 titubare,
2272 946 2349 989 da-

148 1002 265 1046 tivus
294 1003 418 1044 oneri
447 1002 778 1059 conjungendus
808 1007 923 1043 esset
962 1015 1062 1043 cum
1092 1002 1307 1057 adjectivo
1342 1003 1567 1054 conscius,
1607 1002 1651 1045 id
1710 1003 1795 1045 uod
1833 1003 1932 1046 usui
1960 1001 2192 1045 Claudiani
2219 1015 2349 1058 repu-

149 1065 277 1114 gnat,
318 1058 392 1114 qui
427 1057 512 1100 hoc
551 1058 813 1114 adjectivum
852 1070 950 1099 cum
987 1058 1176 1111 genitivo
1213 1058 1480 1113 conjungere
1506 1057 1629 1100 solet.
1722 1072 1795 1099 um
1821 1058 2048 1112 Augustus
2078 1059 2222 1100 minus
2249 1064 2351 1113 apte

151 1114 209 1155 ad
239 1113 411 1156 coelum
447 1113 598 1156 vocari
639 1113 807 1155 videtur
833 1111 1011 1154 Atlante
1045 1112 1278 1164 titubante,
1313 1126 1445 1168 quam
1478 1113 1681 1155 nictante.
1737 1111 1958 1169 Augusto,
1995 1113 2118 1155 oneri
2153 1119 2350 1164 venturo,

152 1169 305 1213 adnuit
330 1168 458 1212 Atlas
491 1168 692 1212 conscius
723 1181 784 1211 sc.
814 1176 1009 1211 naturae.

264 1247 335 1288 De
362 1247 437 1287 IV.
467 1245 597 1287 Cous.
624 1246 804 1287 Honorii
833 1260 874 1288 v.
905 1245 998 1287 171.

920 1317 1033 1351 nullis
1061 1317 1296 1365 praesentior
1324 1317 1454 1352 aether

704 1369 821 1408 Affuit
850 1371 1047 1410 ominibus.

262 1446 415 1487 Verba
430 1444 633 1499 Koenigii
661 1444 981 1498 interpretantis
1008 1442 1122 1485 haec
1150 1452 1270 1486 sunt:
1298 1445 1573 1487 Burmannus
1602 1446 1760 1487 mavult
1784 1445 1900 1488 nulli.
1945 1444 2034 1487 Sed
2057 1445 2186 1500 prius
2207 1449 2353 1499 potest

155 1502 352 1551 retineri,
381 1501 506 1543 modo
534 1514 617 1543 non
634 1497 849 1555 janyatur
880 1513 970 1541 cum
1003 1499 1231 1548 ominibus;
1260 1501 1389 1542 nullis
1415 1514 1476 1542 sc.
1502 1501 1573 1565 qui
1601 1501 1662 1542 ad
1688 1515 1885 1543 summum
1915 1501 2133 1555 imperium
2155 1500 2355 1555 provecti

154 1563 266 1599 sunt.
322 1558 546 1599 Gesnerus
575 1554 683 1606 nihil
712 1556 956 1604 adnotavit3
985 1569 1121 1610 quare
1146 1554 1280 1597 nullis
1308 1570 1406 1597 cum
1435 1556 1650 1598 ommibus
1670 1556 1841 1598 videtur
1868 1556 2160 1611 conjunxisse.
2202 1556 2355 1609 Neque

154 1611 374 1666 intelligo,
404 1626 482 1652 cur
510 1625 598 1653 non
626 1610 753 1652 liceat
780 1610 888 1651 haec
912 1611 1049 1652 verba
1079 1611 1298 1666 conjungi.
1355 1610 1514 1653 Aether
1541 1612 1666 1653 adest
1692 1613 1821 1654 nullis
1849 1611 2053 1653 ominibus
2077 1611 2356 1666 praesentior

155 1674 245 1709 est:
272 1682 360 1709 non
393 1665 579 1709 aliorum
604 1666 821 1710 ominibus
850 1679 899 1707 se
927 1674 1016 1708 tam
1042 1665 1214 1707 facilem
1244 1665 1455 1719 praebuit,
1483 1679 1611 1720 quam
1640 1668 1737 1709 tuis.
1794 1666 1900 1709 Sine
1921 1665 2110 1708 aetheris
2139 1679 2355 1707 consensu

153 1722 261 1765 talia
291 1723 436 1765 omina
464 1722 557 1764 fieri
589 1735 678 1764 non
706 1728 901 1776 possunt.
956 1721 1136 1764 Honorii
1165 1720 1382 1764 ominibus
1411 1720 1562 1764 aether
1590 1735 1801 1777 praesens
1828 1722 1950 1764 affuit
1976 1722 2071 1764 sine
2098 1719 2191 1764 ulla
2218 1734 2356 1764 mora.

262 1811 366 1853 Vss.
397 1810 477 1854 184
490 1835 538 1840 -
553 1809 646 1853 188.

702 1879 793 1914 Visa
825 1880 939 1915 etiam
967 1879 1092 1915 medio
1120 1880 1271 1929 populis
1302 1880 1526 1916 mirantibus
1555 1879 1678 1917 audax

700 1933 819 1972 Stella
851 1934 932 1979 die,
974 1934 1181 1971 dubitanda
1209 1935 1323 1979 nihil,
1360 1947 1431 1971 nec
1461 1936 1564 1973 crine
1593 1942 1720 1972 retuso

699 1988 911 2039 Languida,
942 1989 1008 2027 sed
1040 1995 1203 2040 quantus
1235 1996 1455 2027 numeratur
1486 1997 1596 2039 nocte
1626 1990 1788 2037 Bootes;

702 2045 942 2093 Emicuitque
973 2047 1095 2094 plagis
1128 2047 1242 2081 alieni
1275 2047 1454 2094 temporis
1481 2047 1618 2095 hospes

703 2098 825 2149 Ignis,
867 2107 905 2138 et
932 2100 1085 2151 agnosci
1113 2100 1255 2151 potuit,
1297 2112 1412 2150 quum
1439 2100 1551 2138 Luna
1574 2100 1719 2140 lateret.

269 2181 508 2238 Koenigius
535 2194 689 2228 versus
719 2182 800 2225 187
829 2190 871 2227 et
892 2182 973 2227 188
1004 2183 1195 2227 intrusos
1225 2190 1368 2240 putat,
1396 2182 1499 2240 quia
1528 2182 1682 2228 Lunae
1712 2183 1874 2229 mentio
1908 2183 2002 2228 fieri
2031 2197 2119 2227 non
2151 2181 2357 2227 debuerit.

160 2239 389 2279 Existimat
417 2240 528 2278 enim
558 2240 694 2279 verba
724 2252 846 2294 quum
876 2241 1001 2281 Luna
1040 2242 1195 2281 lateret
1229 2241 1342 2280 idem
1383 2239 1556 2292 valere,
1590 2241 1706 2296 quod
1744 2242 1845 2298 quia
1883 2241 1986 2283 luna
2022 2239 2195 2282 latebat.
2248 2238 2358 2280 Mihi

161 2292 409 2348 significare
437 2293 633 2335 videntur
662 2294 758 2336 dum
789 2295 945 2345 Luna,
973 2294 1112 2350 majus
1143 2296 1292 2345 sidus,
1321 2297 1426 2338 latet
1455 2297 1522 2337 vel
1550 2297 1742 2350 quamvis
1774 2297 1901 2338 Luna
1932 2297 2098 2338 lateret.

271 2380 341 2423 De
368 2379 507 2423 Mallii
535 2379 695 2425 Theod.
725 2382 855 2426 Cons.
888 2382 989 2427 Vss.
1015 2383 1214 2427 58-60.

709 2465 808 2502 Tam
841 2466 940 2503 celer
971 2464 1141 2503 assiduos
1173 2465 1336 2516 explevit
1365 2478 1495 2503 cursus
1526 2465 1698 2505 honores.

708 2521 794 2557 Una
824 2529 1050 2570 potestatum
1081 2522 1211 2570 spatiis
1242 2522 1413 2558 interfuit
1445 2528 1573 2566 aetas,

711 2575 861 2625 Totque
888 2576 1025 2625 gradus
1054 2576 1123 2613 sati
1151 2577 1377 2625 juvenilibus
1407 2578 1535 2614 intulit
1565 2579 1685 2617 annis.

271 2648 496 2690 Gesnerus
525 2648 607 2690 ait:
644 2647 741 2691 Una
769 2654 889 2691 aetas
920 2651 1089 2699 (XXX
1107 2650 1282 2692 circiter
1299 2648 1531 2705 annornm)
1559 2656 1620 2693 tot
1644 2651 1816 2706 yradus
1840 2647 1930 2703 fati
1958 2649 2085 2691 annis
2099 2646 2359 2703 juvenilibus

160 2705 248 2746 viri
277 2704 534 2745 conciliavit.
589 2703 679 2745 Sed
702 2702 812 2744 haec
842 2707 1052 2748 sententia
1079 2704 1279 2759 languet:
1306 2707 1478 2759 triginta
1504 2706 1608 2748 anni
1635 2706 1978 2750 conciliaverunt
2002 2713 2065 2756 tot
2090 2703 2255 2758 gradus
2272 2702 2301 2745 f.
2322 2704 2358 2760 j.

163 2774 201 2801 a.
232 2759 477 2812 Koenigius
507 2759 806 2799 nun-mannum
836 2761 1050 2813 sequitur,
1089 2762 1162 2816 qui
1191 2760 1326 2802 fatum
1353 2761 1460 2815 legit
1486 2776 1567 2816 pro
1595 2760 1685 2804 fati.
1743 2761 1833 2803 Sed
1866 2773 1997 2814 quum
2025 2766 2215 2810 censeat,
2243 2767 2359 2801 aeta-

160 2822 271 2866 tem,
301 2814 344 2855 h.
374 2813 403 2855 1.
436 2827 534 2854 esse
555 2813 819 2868 juvenilem,
856 2827 943 2855 non
970 2816 1157 2869 spatium
1184 2816 1361 2870 triginta
1390 2830 1604 2859 annorum
1633 2813 1842 2870 (γενεάν),
1879 2828 2008 2857 nemo
2032 2813 2133 2867 erit,
2170 2814 2244 2870 qui
2270 2827 2359 2857 non

162 2871 397 2921 concedat,
435 2872 609 2924 poetam
638 2869 808 2910 duobus
846 2868 932 2910 illis
962 2872 1162 2912 versibus
1200 2872 1267 2913 bis
1304 2872 1418 2913 idem
1449 2872 1734 2927 expressisse.
1798 2871 1952 2925 Neque
1980 2868 2222 2924 intelligere
2256 2882 2359 2925 pos-
