2546 3210
80 176 376 225 ...ff-„-
395 199 745 204 ΝΜ.
758 137 1130 205 ,ψῃ-,ὲ

186 374 335 419 elusus
362 376 559 433 poscenti
584 383 792 431 negasset
823 390 885 419 sc.
914 378 1203 433 quodcunque
1231 390 1286 420 ex
1311 375 1487 419 foedere
1512 375 1627 420 facto
1656 378 1736 420 sibi
1764 390 1948 432 poscere
1980 373 2115 418 licere
2146 372 2381 417 simulabat

184 431 382 475 Rufinus,
437 433 587 488 ltaque
614 431 686 474 hic
714 432 887 474 minime
916 434 1108 488 putavit,
1135 446 1186 475 se
1210 431 1401 488 perjurio
1429 434 1659 475 commisso
1688 433 1837 475 foedus
1867 432 2063 489 rupisse,
2091 431 2169 472 sed
2199 430 2379 471 insimu-

184 486 292 530 lavit
318 487 463 538 illum,
496 488 569 542 qui
590 490 785 542 poscenti
815 487 976 542 aliquid
1003 495 1234 542 negasset,
1270 488 1458 530 foederis
1486 487 1632 530 officia
1658 488 1919 542 neglexisse.
1976 487 2073 529 Hac
2100 484 2378 528 simulatione

185 549 227 584 et
255 543 415 585 astutia
442 544 644 584 utebatur
671 543 767 585 sine
792 536 922 585 dubio
949 544 994 585 in
1023 557 1113 596 eos,
1141 556 1252 600 quos
1281 542 1325 585 vi
1355 551 1396 586 et
1417 542 1593 585 licentia
1621 543 1847 585 manifesta
1875 550 2042 586 tentare
2065 555 2155 583 non
2176 541 2377 582 audebat.

294 620 363 661 De
390 619 459 660 ΙΙΙ.
489 620 618 663 Cons.
646 621 807 663 Honor.
836 620 937 662 Vss.
968 621 1108 663 1—6.

731 692 863 728 Tertia
890 690 1065 728 Romulei
1095 697 1245 728 sumant
1274 690 1426 729 exordia
1459 691 1602 736 fasces,

731 746 885 793 Terque
917 757 1004 781 suas
1035 745 1148 782 ducat
1177 746 1347 782 bellatrix
1376 759 1516 796 pompa
1546 747 1705 784 curules.

729 800 878 838 Festior
907 813 1027 838 annus
1056 808 1137 847 eat,
1178 801 1393 852 cinctusque
1422 802 1567 839 imitata
1597 801 1764 839 Gabinos

729 856 844 891 Dives
872 855 1079 906 Hydaspeis
1110 862 1286 905 augescat
1310 869 1475 907 purpura
1504 857 1673 906 gemmis,

729 911 942 947 Succedant
970 912 1083 947 armis
1107 914 1279 948 trabeae:
1312 913 1472 948 tentoria
1501 913 1610 948 lictor

732 965 899 1009 Ambiat,
937 971 975 1001 et
1004 962 1137 1002 Latiae
1165 965 1321 1002 redeant
1352 966 1401 1002 ad
1429 967 1535 1016 signa
1564 978 1726 1004 secures,

290 1038 558 1081 Claudianus
598 1040 641 1081 in
670 1037 940 1094 praefatione
966 1038 1192 1093 praedicat
1219 1053 1268 1081 se
1293 1037 1378 1081 hac
1417 1039 1629 1095 panegyri
1658 1039 1850 1082 Honorio
1889 1038 2152 1093 gratulatum
2178 1038 2233 1080 ab
2262 1038 2372 1080 urbe

184 1092 322 1137 Roma
350 1094 644 1138 Mediolanum
675 1095 852 1136 missum
882 1108 990 1136 esse.
1047 1094 1270 1136 Gesnerus
1297 1093 1380 1136 hoc
1411 1095 1643 1150 panegyris
1673 1095 1792 1137 initio
1823 1099 1994 1151 poetam
2030 1095 2212 1150 pingere
2250 1107 2372 1150 pom-

214 1164 284 1191 am
307 1151 363 1199 ,in
402 1152 509 1205 ipsis
538 1151 695 1196 castris
724 1150 937 1192 urbanam
967 1150 1196 1193 existimat.
1245 1150 1403 1193 Fateor
1431 1164 1500 1192 me
1527 1149 1611 1193 hoc
1642 1165 1793 1193 eruere
1821 1166 1910 1194 non
1938 1164 2082 1206 posse.
2139 1150 2254 1192 Nam
2282 1147 2373 1190 bel-

199 1205 309 1248 atrix
337 1220 498 1261 pompa
526 1213 590 1250 est
618 1205 798 1249 militum
832 1219 992 1271 pompa
1028 1205 1100 1249 vel
1137 1206 1362 1249 comitatus
1400 1206 1446 1248 in
1484 1207 1604 1248 urbe.
1658 1207 1851 1262 Apparet
1888 1215 2030 1249 autem
2063 1219 2118 1247 ex
2144 1205 2229 1248 boc
2260 1203 2372 1258 loco,

182 1260 408 1304 consulum
439 1262 627 1317 insignia
666 1263 794 1305 etiam
831 1261 918 1304 illis
956 1262 1221 1318 temporibus
1258 1261 1425 1314 fasces,
1461 1261 1616 1304 sellam
1653 1261 1879 1315 curulem,
1916 1263 2103 1304 cinctum
2140 1261 2374 1313 Gabinum,

181 1318 372 1358 trabeam
396 1317 554 1367 fuisse,
582 1331 724 1371 neque
753 1319 797 1358 in
823 1318 1002 1366 castriS‚
1031 1318 1116 1358 nisi
1147 1318 1434 1371 Imperatores
1462 1317 1731 1359 consulatum
1760 1326 1982 1371 gererent,
2018 1317 2218 1359 lictorum
2247 1330 2374 1358 usum

179 1369 328 1412 fuisse.
387 1371 564 1414 Cinctus
604 1372 798 1413 Gabinos
833 1372 888 1413 de
927 1369 1021 1413 solo
1052 1378 1182 1426 togae
1209 1371 1445 1425 gestandae
1473 1372 1643 1427 accipio
1677 1386 1821 1424 more,
1882 1385 1981 1420 uem
2011 1385 2066 1413 ex
2090 1370 2175 1414 hoc
2205 1379 2246 1413 et
2273 1369 2374 1413 aliis

182 1425 413 1469 Claudiani
439 1426 550 1469 locis
576 1427 705 1469 video
733 1426 822 1469 illis
853 1427 1025 1482 quidem
1059 1421 1325 1493 temporibus
1366 1428 1410 1469 iu
1444 1441 1654 1482 processu
1692 1427 1859 1470 consuli
1893 1442 1947 1470 us
1978 1426 2117 1469 fuisse
2155 1427 2377 1470 usitatum.

182 1482 448 1534 Ge‘snerum,
489 1483 562 1537 qui
601 1489 745 1536 putat,
784 1487 955 1536 poetam
988 1482 1176 1537 antiquis
1203 1482 1349 1524 verbis
1375 1496 1465 1524 rem
1495 1483 1563 1526 sui
1594 1483 1823 1537 temporis,
1865 1482 2008 1525 lorum
2036 1482 2372 1537 imperatorium,

180 1536 402 1592 signasse,
432 1538 527 1594 jam
561 1536 803 1592 Koenigius
840 1536 1055 1579 refutavit.
1111 1537 1277 1579 Tamen
1306 1537 1546 1593 Koenigius
1572 1537 1668 1592 ipse
1696 1538 1912 1580 existimat
1939 1538 2125 1579 cinctum
2154 1537 2196 1578 h.
2224 1536 2252 1578 l.
2285 1550 2372 1578 non

180 1592 355 1648 proprie
383 1592 564 1647 intelligi
592 1593 776 1645 debere,
811 1593 928 1648 quod
955 1592 1144 1635 sortasse
1165 1594 1260 1649 jam
1288 1594 1453 1634 imitata
1479 1593 1661 1644 indicet,
1691 1594 1768 1634 sed
1796 1594 2038 1635 vestimenti
2067 1607 2206 1648 genus
2233 1592 2372 1634 videri

179 1648 337 1701 tuisse,
383 1663 468 1704 quo
497 1658 600 1704 toga
630 1649 757 1705 quasi
786 1649 1042 1703 cingeretur.
1100 1650 1242 1699 Quam
1279 1648 1526 1704 opinionem
1555 1647 1623 1691 his
1658 1647 1769 1691 locis
1805 1647 2001 1692 stabilire
2037 1650 2202 1691 studet:
2242 1648 2368 1690 Prud.

180 1705 270 1758 περὶ
297 1703 530 1757 στεφάνων,
558 1705 624 1756 Χ,
664 1704 772 1747 1015
814 1705 963 1747 cinctu
994 1704 1160 1747 Gabino
1196 1706 1381 1746 sericam
1410 1703 1550 1759 fultus
1587 1711 1738 1760 royam.
1795 1705 1882 1747 Sed
1911 1718 2056 1748 nonne
2076 1713 2219 1759 togam
2246 1703 2369 1746 fulcit

180 1772 272 1799 mos
292 1759 491 1802 Gabinus
515 1761 746 1815 gestandi?
774 1758 927 1801 Claud.
945 1760 1112 1813 XVlll,
1143 1760 1227 1802 300
1243 1773 1337 1815 sqq.
1367 1773 1499 1815 quum
1526 1761 1722 1801 tenderet
1750 1768 1869 1802 artus
1897 1761 2154 1811 Exsangues
2184 1773 2368 1801 onerare

179 1824 296 1870 toga,
325 1816 552 1871 cinctuque
581 1824 790 1870 gravatus
820 1817 1058 1871 indutoque
1085 1830 1220 1857 senex
1247 1816 1477 1858 obscenior
1504 1815 1584 1858 iret
1605 1816 1647 1857 in
1666 1831 1786 1858 auro.
1843 1817 1998 1859 Nonne
2015 1815 2090 1858 ifle
2108 1831 2201 1858 mos
2220 1825 2367 1871 togam

179 1871 375 1926 gestandi
406 1885 553 1912 senem
583 1885 850 1927 exsanguem
878 1878 1082 1926 gravaret
1099 1885 1281 1913 necesse
1301 1870 1412 1914 fuit?
1439 1868 1675 1927 Eutropius
1698 1872 1826 1926 igitur
1844 1870 1964 1913 illum
1981 1885 2142 1914 morem
2163 1870 2368 1927 neglexit.

180 1926 328 1968 Claud..
358 1926 497 1978 xxn,
523 1927 616 1969 331.
673 1928 768 1969 Hos
794 1928 921 1969 etiam
949 1927 1108 1968 mirare
1135 1927 1277 1968 libens
1305 1941 1359 1969 ac
1385 1927 1559 1981 suscipe
1588 1927 1767 1968 cinctus.
1823 1928 1913 1970 Sed
1940 1927 1980 1968 h.
2000 1926 2028 1968 l.
2060 1931 2191 1982 poeta
2219 1937 2367 1982 togam

180 1988 447 2036 praetextam
479 1982 645 2024 cinctus
672 1982 875 2036 nominat.
933 1980 1084 2024 Claud.
1112 1981 1319 2035 XXVlll,
1362 1982 1458 2025 561.
1515 1981 1801 2038 Membraque
1841 1991 2057 2037 gemmato
2094 1985 2276 2025 trabeae
2302 1984 2366 2025 vi-

177 2038 364 2079 ridantia
393 2038 547 2080 cinctu.
602 2040 653 2081 H.
682 2037 710 2079 l.
740 2040 906 2079 cinctus
932 2036 1212 2084 fortas‘se‚est
1239 2037 1404 2080 clavus.
1470 2042 1477 2046 “

286 2114 333 2168 ln
362 2115 507 2158 verbis
548 2115 799 2171 Cinctusque
836 2116 1001 2157 imitata
1041 2114 1232 2158 Gabinos
1261 2116 1398 2158 Dives
1433 2115 1676 2171 Hydaspeis
1713 2121 1920 2171 augescat
1951 2128 2162 2172 purpura
2193 2118 2367 2172 {sommis

179 2172 473 2223 quaerendum
505 2178 582 2221 est,
611 2185 696 2226 un
725 2172 986 2212 incremento
1015 2185 1210 2226 purpura
1239 2184 1478 2224 augescere
1504 2172 1683 2212 dicatur.
1741 2172 1966 2213 Gesnerus
1984 2174 2156 2213 videtur
2171 2180 2367 2227 putasse,

178 2226 360 2280 gemmis
388 2240 627 2283 purpuram
656 2239 893 2281 augescere
919 2226 1015 2268 dici.
1070 2226 1117 2267 ln
1154 2225 1296 2267 indice
1325 2225 1439 2267 enim
1474 2226 1705 2268 verborum
1741 2239 1764 2267 s
1806 2239 1850 2269 v.
1881 2239 2123 2281 augescere
2159 2226 2368 2283 legimus:

174 2295 378 2336 purpura
402 2284 585 2337 yemmz’s.
638 2283 849 2337 Equidem
878 2286 1049 2337 poetam
1078 2282 1273 2323 existimo
1302 2282 1461 2332 dicere,
1488 2282 1694 2324 imitando
1723 2282 1889 2325 cinctus
1905 2283 2104 2326 Gabinos
2129 2297 2368 2338 purpuram

179 2349 430 2390 augescere.
486 2338 685 2392 Purpura
716 2338 826 2378 enim
857 2351 944 2379 non
972 2342 1212 2392 praetexta
1229 2350 1327 2379 esse
1353 2336 1455 2378 mihi
1483 2338 1672 2389 videtur,
1699 2352 1830 2393 quam
1856 2338 2106 2392 opinionem
2127 2339 2367 2393 Koenigius

178 2390 469 2448 amplectitur,
509 2393 758 2437 sed‘vestis
798 2392 1087 2448 imperatoria.
1143 2391 1264 2435 Haec
1303 2392 1469 2435 cinctus
1509 2392 1706 2436 Gabinos
1743 2394 1956 2447 imitatur,
1996 2393 2023 2437 i.
2054 2407 2092 2438 e.
2129 2394 2368 2451 imperator

177 2448 427 2503 dignitatem
457 2448 732 2492 consularem
760 2450 917 2505 accipit
944 2463 1084 2505 eaque
1111 2456 1292 2504 accepta
1315 2449 1539 2505 majestate
1558 2449 1765 2503 augescit.
1820 2450 1942 2491 Haec
1962 2452 2177 2492 sententia
2194 2465 2222 2493 a
2239 2455 2367 2507 poeta

176 2506 457 2559 sequentibus
485 2506 630 2547 verbis
660 2505 866 2558 variatur.
923 2505 1170 2547 Succedant
1203 2505 1337 2547 armis
1375 2505 1573 2558 trabeae,
1612 2506 1638 2547 i.
1669 2519 1705 2547 e.
1743 2519 1843 2547 cum
1881 2507 2016 2548 armis
2046 2507 2365 2563 conjungantur

176 2561 356 2603 trabeae
385 2562 626 2614 (Numerus
653 2560 838 2617 pluralis
867 2562 994 2604 etiam
1026 2562 1104 2613 ln,
1131 2560 1215 2603 249
1235 2566 1342 2617 post
1366 2560 1543 2602 trabeas
1569 2563 1692 2603 exsul
1719 2561 1744 2602 i.
1776 2575 1812 2602 e.
1842 2571 1943 2618 post
1968 2570 2135 2616 gestum
2166 2562 2363 2605 consula-

174 2619 308 2671 tum).
363 2617 517 2671 Neque
548 2618 661 2659 enim
692 2618 772 2659 sub
803 2616 872 2659 his
901 2617 1048 2660 verbis
1074 2616 1185 2658 haec
1215 2617 1428 2659 sententia
1453 2616 1607 2672 subjici
1635 2616 1759 2659 licet:
1787 2632 1867 2673 pro
1891 2618 2018 2660 bellis
2044 2620 2250 2673 gerendis
2278 2631 2363 2673 pax

174 2680 340 2725 agatur.
395 2673 508 2714 Nam
529 2680 618 2715 tota
639 2674 879 2729 Panegyris
907 2673 959 2714 ad
988 2672 1178 2715 animum
1201 2672 1453 2729 Imperatori
1486 2673 1733 2715 addendum
1764 2675 2004 2730 composita
2037 2683 2124 2724 est3
2152 2674 2360 2730 imprimis

175 2727 269 2781 ejus
298 2728 428 2770 finem
457 2726 510 2770 cf.
565 2729 769 2771 Tentoria
794 2729 921 2786 lictor
943 2729 1131 2783 ambiat,
1164 2728 1191 2769 i.
1222 2742 1259 2769 e.
1291 2742 1407 2769 nunc
1434 2727 1610 2771 lictores
1637 2730 1682 2771 in
1712 2729 1853 2770 belbis
1878 2730 2131 2785 imperatori
2159 2730 2361 2785 gerendis

172 2790 317 2826 castra
344 2792 589 2840 sequentur.
645 2786 700 2828 Et
727 2786 880 2828 Latiae
909 2786 1090 2828 redeant
1124 2784 1177 2826 ad
1216 2785 1352 2841 signa*
1371 2798 1560 2828 secures.
1615 2785 1836 2838 Redeant,
1874 2787 1977 2842 quia
2014 2784 2116 2830 olim
2154 2798 2281 2840 reges
2320 2792 2362 2828 et

170 2839 374 2882 consules
401 2841 630 2897 imperium
658 2841 843 2885 militare
874 2850 914 2885 et
941 2842 1226 2884 domesticum
1254 2841 1326 2885 vel
1358 2840 1486 2883 civile
1516 2840 1763 2894 habebant3
1797 2856 1915 2885 nunc
1952 2851 2179 2898 utrumque
2206 2855 2360 2884 rursus

167 2893 398 2938 coalescat.
