2546 3210
1225 214 1296 261 lv

155 363 236 415 sit,
275 375 327 405 eo
358 360 573 418 quendam
608 357 743 400 verba
778 358 949 414 laryior
986 358 1120 401 imbre
1157 358 1381 416 explicare
1415 356 1621 402 voluisse.
1676 346 1921 415 Koenigius
1953 360 2081 403 etiam
2109 372 2151 401 v.
2178 358 2365 401 49-54

74 445 78 473 3
156 417 336 462 aliunde
361 418 546 460 insertos
573 427 671 456 esse
697 413 929 456 existimat.
987 415 1108 457 Sane
1136 414 1252 457 haud
1279 428 1420 471 parva
1431 413 1690 512 gifficultate
1715 416 1943 471 premeris,
1970 416 2023 469 si,
2052 415 2155 472 quid
2187 413 2363 469 singula

76 498 79 535 Ι
157 485 362 531 quaeque
386 471 469 515 sibi
494 468 642 521 velint,
668 469 857 524 prodere
879 468 1017 513 voles.
1075 470 1165 520 Sic,
1193 483 1428 526 compar-an
1462 472 1479 512 i
1501 470 1743 525 particula,
1771 477 1818 513 ut
1844 472 1907 513 a'it
1937 473 2169 518 Gesnerus,
2196 467 2373 527 confert,

76 540 80 572 ἱ
159 543 251 579 eos,
336 529 353 569 i
378 529 423 569 in
454 524 593 567 Probi
620 525 745 566 domo
777 525 906 567 ditati
932 531 1059 574 sunt,
1087 539 1177 566 cum
1206 527 1308 568 aliis
1334 527 1434 567 auri
1457 538 1543 580 per
1571 526 1767 575 metalla,
1795 531 1871 567 aut
1897 527 1943 567 in
1980 526 2101 582 Tago
2129 531 2206 567 etc.
2236 537 2363 579 qaae-

158 584 286 629 sitori
364 612 376 624 .
428 580 586 623 Nonne
621 592 730 623 vero
771 579 922 636 inepta
961 588 1026 623 est
1064 579 1145 622 hos
1186 588 1227 623 et
1267 579 1368 624 illos
1408 580 1688 637 comparandi
1724 580 1866 624 ratio?
1924 581 2078 637 Neque
2116 595 2197 635 ego
2228 578 2364 621 ullam

160 640 332 696 quidem
359 636 732 691 comparationem
758 636 1087 691 deprehendere
1114 650 1296 690 possum
1325 637 1370 678 in
1397 635 1559 678 talibus
1585 636 1755 678 verbis:
1783 643 1831 678 ut
1857 634 1921 677 illi
1950 636 2163 687 ditantur,
2193 636 2257 677 sic
2286 634 2364 676 ali-

161 694 258 751 quis
296 693 479 735 rimatur
516 697 683 733 tantum
721 704 901 742 aurum,
938 698 1146 746 quantum
1184 698 1342 746 stagna
1380 700 1460 734 etc.
1525 691 1594 733 De
1632 705 1729 733 mea
1767 691 1986 732 sententia
2020 689 2120 732 illos
2157 705 2255 732 cum
2288 689 2364 731 tali

80 697 85 833 ξ
159 748 332 791 homine
359 758 620 800 comparare
649 748 843 800 ineptum
872 753 948 787 est.
1003 745 1198 796 Accedit,
1261 746 1347 787 uod
1376 746 1484 787 ordo
1501 746 1733 788 verborum
1752 744 1932 801 flagitat,
1963 750 2010 785 ut
2040 745 2365 801 comparatione

159 801 453 848 intercedente
495 800 590 844 auri
635 800 867 856 indagator
909 815 1006 843 cum
1054 815 1187 843 manu
1263 801 1357 844 robi
1396 800 1468 845 vel
1515 804 1610 856 ipso
1654 801 1796 844 Probo
1833 816 1862 843 a
1896 800 2060 857 lectore
2104 799 2365 843 conferatur.

159 858 367 901 Heinsius
403 858 590 913 conjecit
620 858 828 913 quidquid
863 858 1010 898 tellure
1037 857 1211 898 revulsa
1238 858 1338 901 soll.
1365 855 1402 912 f.
1429 869 1467 899 r.
1497 870 1533 899 c.
1561 859 1709 900 Astur.
1776 856 2014 900 Fatendum
2044 862 2130 909 est,
2163 854 2249 898 hac
2277 868 2364 897 me-

160 912 261 956 dela
298 912 420 956 facta
456 926 613 955 sanam
652 913 908 953 sententiam
945 912 1020 953 toti
1057 912 1292 953 verborum
1332 920 1577 954 structurae
1607 913 1752 953 afferri
1820 912 1950 953 Esset
1988 913 2101 953 enim
2129 911 2241 952 haec
2267 924 2364 952 sen—

159 969 317 1011 tentia:
346 980 506 1010 manus
534 967 772 1022 superabat
796 966 954 1009 fluvios
979 966 1006 1007 i.
1040 980 1076 1008 e.
1106 965 1206 1021 plus
1235 967 1498 1021 praebebat,
1540 981 1671 1022 quam
1699 966 1843 1018 fluvii,
1879 980 2010 1022 quam
2037 967 2194 1018 Astur,
2235 978 2365 1020 quam

160 1025 335 1079 Tagus,
365 1023 569 1075 Hermus,
600 1021 816 1065 Pactolus.
872 1022 960 1064 Sed
988 1022 1033 1063 in
1063 1021 1148 1064 hac
1177 1021 1411 1065 fluviorum
1440 1022 1770 1064 enumeratione
1798 1022 1941 1064 statim
1969 1036 2051 1064 nos
2078 1021 2253 1064 offendit
2279 1034 2367 1063 vox

160 1081 310 1125 Astur.
366 1079 584 1122 Versibus
612 1086 755 1120 autem
782 1077 837 1119 49
867 1085 907 1119 et
937 1077 994 1119 50
1032 1077 1180 1132 ejectis
1218 1076 1356 1118 habes
1394 1078 1607 1131 integram
1646 1078 1923 1119 sententiam:
1954 1091 2110 1118 manus
2137 1076 2239 1133 plus
2268 1090 2368 1132 pro-

155 1135 273 1194 jicit,
305 1147 436 1191 quam
462 1133 585 1177 fluvii
615 1133 752 1185 lberi,
774 1147 903 1189 quam
932 1131 1105 1187 Tagus,
1140 1146 1268 1188 quam
1299 1132 1485 1175 Hermus
1515 1141 1555 1175 et
1587 1131 1800 1175 Pactolus.
1857 1133 2025 1175 Versus
2052 1131 2153 1175 illos
2181 1131 2368 1175 fortasse

161 1192 323 1233 otiosus
362 1190 579 1244 compegit
616 1189 775 1242 lecton-3
817 1203 919 1230 nam
955 1188 1218 1229 vocabulum
1256 1202 1472 1245 praeceps
1511 1202 1598 1231 non
1640 1201 1823 1245 prorsus
1864 1189 2011 1245 inepte
2038 1189 2222 1232 vocibus
2252 1188 2369 1231 dona

162 1260 334 1289 vomens
363 1244 575 1299 explicari
603 1252 755 1300 potest.

271 1324 376 1377 vss.
409 1323 490 1365 124
518 1330 559 1364 et
589 1323 684 1364 125.

715 1380 769 1419 Ut
802 1382 904 1418 stetit
934 1387 1021 1418 ante
1051 1380 1184 1417 ducem
1214 1380 1402 1418 discussas
1429 1381 1551 1419 Roma
1579 1394 1648 1432 per
1678 1394 1808 1419 auras:

719 1437 881 1473 Conscia
912 1444 969 1473 ter
997 1438 1123 1473 sonuit
1152 1449 1284 1486 rupes,
1320 1444 1357 1473 et
1386 1437 1570 1473 inhorruit
1602 1444 1723 1474 atrum

719 1491 917 1540 Majestatc
947 1504 1091 1529 nemus.

276 1554 387 1598 Mihi
422 1553 552 1596 lectio
591 1553 759 1596 concita
795 1567 876 1608 pro
913 1552 1088 1595 conscia
1125 1553 1375 1608 recipienda
1411 1552 1592 1596 videtur.
1649 1553 1840 1596 Primum
1878 1542 1990 1595 Enim
2029 1552 2206 1596 offendit
2244 1564 2368 1606 prae-

171 1611 329 1667 positio
354 1623 434 1664 per
461 1610 504 1651 in
532 1610 700 1651 verbis:
737 1609 850 1650 stetit
879 1622 958 1663 per
987 1608 1209 1649 discussas
1237 1622 1383 1650 auras.
1439 1609 1610 1650 Deinde
1647 1610 1825 1650 conscia
1862 1620 1995 1664 rupes
2034 1608 2266 1650 admodum
2294 1607 2369 1648 ob-

171 1679 301 1710 scure
333 1665 512 1717 dicitur,
549 1678 663 1720 quae
695 1663 852 1706 sentiat
888 1664 1117 1706 adventum
1155 1664 1321 1706 Romae
1351 1664 1486 1706 Deae.
1555 1664 1636 1706 lna
1673 1664 1858 1707 lectione
1884 1670 2068 1720 'recepta
2104 1663 2370 1718 conjungas:

172 1723 345 1766 concita
371 1722 398 1763 i.
430 1734 466 1762 e.
500 1727 624 1763 vecta
651 1733 730 1775 per
758 1720 984 1762 discussas
1013 1733 1159 1772 auras,
1188 1726 1235 1761 ut
1260 1719 1476 1775 particula
1505 1726 1572 1762 ter
1602 1720 1782 1776 incipiat
1810 1720 2023 1776 apodosin
2052 1719 2372 1763 enuntiationis.

278 1798 328 1843 In
354 1797 561 1843 Rufinum
592 1798 632 1851 1,
669 1796 924 1840 222-225.

850 1868 1002 1905 Crebris
1032 1869 1197 1919 perjuria
1223 1870 1339 1907 nectit
1371 1866 1566 1920 (Rufinus)

721 1923 944 1967 Blanditiis,
983 1925 1100 1960 sociat
1131 1926 1297 1973 perituro
1325 1924 1477 1961 foedere
1504 1924 1666 1963 dextras.

724 1979 767 2015 Si
799 1979 914 2015 semel
943 1991 964 2015 e
996 1980 1109 2015 tantis
1142 1979 1311 2028 poscenti
1340 1976 1498 2029 quisque
1525 1987 1719 2029 negasset,
2444 2000 2449 2044 ¹

723 2033 852 2071 Effera
883 2034 1119 2083 praetumido
1152 2035 1344 2083 quatiebat
1374 2034 1488 2070 corda
1516 2034 1654 2071 surore.

284 2095 508 2150 Plerisque
535 2097 844 2150 interpretibus
874 2104 915 2136 et
941 2096 1176 2135 editoribus
1204 2109 1229 2134 a
1259 2095 1441 2136 Barthio
1468 2108 1608 2150 usque
1637 2096 1693 2135 ad
1723 2095 1933 2136 Orellium
1963 2109 2003 2137 v.
2032 2095 2116 2136 224
2144 2102 2373 2151 suspectus

181 2157 222 2193 et
250 2158 477 2207 corruptus
504 2151 684 2194 videtur.
742 2151 969 2194 Gesnerus
1005 2158 1150 2193 tamen
1187 2148 1303 2193 hanc
1338 2151 1596 2193 sententiam
1634 2149 2031 2193 elicere‘conatur:
2067 2153 2108 2192 si
2144 2152 2211 2193 vel
2248 2153 2375 2193 semel

179 2207 355 2262 quisque
381 2210 573 2262 poscenti
603 2207 755 2262 Rufino
786 2208 840 2248 de
867 2212 953 2248 tam
981 2208 1146 2262 maynis
1171 2212 1210 2248 et
1239 2207 1377 2249 maltis
1405 2206 1551 2256 rebus,
1578 2220 1688 2263 qaas
1713 2207 1900 2262 quotidie
1924 2206 2115 2265 petebat,
2141 2206 2368 2262 quidquam

179 2268 391 2318 negasset.
455 2263 731 2305 Mutationem
762 2276 788 2305 a
817 2262 1032 2317 Koenigio
1061 2262 1352 2318 propositam:
1392 2263 1463 2328 qui
1497 2263 1627 2305 semel
1656 2277 1679 2305 e
1708 2264 1841 2305 tantis
1862 2264 2060 2328 poscenti
2088 2276 2274 2317 quaeque
2300 2276 2370 2304 ne-

177 2323 331 2373 yasset
371 2317 582 2369 Orellius‚
620 2332 807 2373 quocum
846 2318 984 2369 facio,
1022 2318 1235 2373 repudiat.
1300 2317 1408 2359 Mih1
1436 2318 1682 2373 interpretis
1711 2331 1811 2359 esse
1838 2318 2037 2360 videntur
2064 2317 2200 2359 verba
2226 2332 2249 2359 e
2275 2323 2369 2359 tan-

182 2373 265 2422 tis,
302 2372 460 2429 quibus
486 2372 670 2416 fortasse
687 2373 948 2416 vocabulum
977 2374 1151 2430 quisque
1176 2372 1249 2415 hic
1277 2372 1451 2417 insolito
1470 2373 1715 2429 significatu
1737 2372 1975 2417 adhibitum
1995 2371 2203 2416 illustrari
2222 2371 2371 2417 voluit.

182 2429 333 2471 Minus
368 2428 565 2479 offendit,
607 2431 720 2484 quod
757 2430 1027 2473 Claudianus
1064 2443 1216 2471 vocem
1252 2436 1398 2472 tantus
1440 2443 1495 2471 ea
1532 2430 1747 2473 sententia
1787 2430 2016 2485 accepisse
2050 2436 2241 2483 putetur,
2283 2443 2371 2484 qua

180 2484 420 2540 scriptores
446 2483 637 2526 melioris
665 2492 792 2527 notae
811 2484 1037 2529 vocabulis
1076 2490 1160 2527 iam
1197 2486 1348 2528 mullus
1375 2492 1573 2537 utuntur,
1615 2499 1745 2541 quam
1775 2486 1889 2541 quod
1919 2486 2126 2527 incertum
2155 2492 2241 2538 est,
2285 2499 2369 2540 quo

179 2539 294 2583 haec
322 2541 460 2583 verba
487 2539 717 2581 reserenda
745 2542 840 2583 sint.
898 2540 1129 2596 Duplicem
1162 2541 1275 2582 enim
1304 2541 1615 2596 interpretandi
1651 2541 1865 2583 rationem
1902 2541 2012 2582 inire
2047 2539 2204 2582 licebit.
2261 2541 2370 2582 Ges-

177 2609 334 2639 nerum
354 2595 451 2652 Jam
475 2595 662 2638 vidimus
691 2595 951 2649 explicuisse
980 2597 1034 2639 de
1062 2602 1149 2638 tam
1177 2598 1314 2640 multis
1343 2597 1485 2640 rebus.
1539 2596 1628 2639 Sed
1670 2597 1773 2653 quid
1810 2597 1972 2648 obstat,
2009 2597 2238 2652 quominus
2273 2597 2370 2651 quis

179 2652 299 2695 dicat
324 2665 348 2694 e
375 2652 509 2694 tantis
537 2664 632 2693 esse
659 2665 712 2693 ex
741 2657 826 2693 tam
854 2653 991 2694 multis
1020 2651 1283 2695 hominibus?
1340 2653 1452 2695 Tum
1479 2654 1779 2708 quaerendum
1808 2659 1886 2704 est,
1914 2665 2027 2707 quae
2043 2652 2129 2693 sint
2149 2652 2260 2694 istae
2284 2665 2370 2703 res,

179 2707 252 2751 vel
283 2708 359 2764 qui
390 2707 461 2749 isti
482 2706 694 2749 homines.
751 2707 806 2749 Et
833 2708 942 2749 sicut
960 2708 1184 2749 Gesnerus
1210 2707 1294 2749 hac
1323 2710 1378 2749 de
1405 2722 1542 2751 causa
1570 2709 1760 2764 adjicere
1788 2715 1965 2750 coactus
1990 2715 2056 2749 est
2079 2708 2236 2749 verba:
2264 2721 2373 2764 quas

179 2763 368 2820 quotidie
391 2762 589 2819 petebam·
616 2763 675 2805 ita
707 2762 768 2814 ei,
799 2762 872 2818 qui
900 2776 922 2805 e
951 2767 1036 2805 tam
1065 2763 1206 2806 nmltis
1234 2762 1465 2807 hominibus
1493 2763 1821 2821 interpretatur,
1851 2764 2097 2806 addendum
2126 2763 2228 2806 erit:
2265 2778 2371 2821 quo-5·

178 2821 366 2885 quotidie
394 2820 576 2873 decepit.
632 2820 759 2868 Quae
786 2820 921 2860 verba
949 2832 1079 2873 quum
1109 2817 1288 2861 multum
1317 2821 1567 2863 offensionis
1597 2820 1813 2870 habeant,
1841 2821 1885 2861 in
1913 2820 2218 2875 manuscriptis
2243 2820 2373 2863 velim

177 2875 364 2918 inveniri
390 2874 668 2932 participium
699 2873 860 2917 elusus.
914 2875 1028 2917 Nam
1056 2875 1166 2917 haec
1194 2876 1403 2919 sententia
1430 2875 1567 2933 plana
1595 2889 1694 2919 esse
1721 2875 1825 2919 mihi
1846 2877 2040 2920 videtur:
2068 2876 2106 2919 si
2124 2877 2221 2932 quis
2238 2875 2374 2920 semel

72 2976 2419 3023 4———-————————-—-—-—-—-—-———-—-——-—-,
2423 2980 2475 3031 ἥ
