2546 3210
51 157 2449 238 *—-——-—-—-—-——--—-—-—————————-—÷}

1206 211 1354 259 VII,

156 369 276 410 sum,
305 370 392 423 qua
428 358 597 400 ratione
634 355 801 399 librarii
830 357 987 399 adduci
1014 356 1256 412 potuerint,
1288 363 1337 398 ut
1369 354 1503 398 fatum
1527 356 1573 397 in
1599 355 1675 398 fati
1704 363 1930 399 mutarent.
1988 353 2142 400 Malim
2172 366 2349 397 versum

155 411 212 454 59
239 413 337 470 ejici
365 420 407 455 et
435 412 663 468 conjungi:
691 412 809 454 celer
837 426 995 454 cursus
1025 411 1166 454 intulit
1197 420 1277 454 etc.

265 490 368 533 Vss.
395 488 480 532 32⁰
492 515 542 520 —
552 489 646 532 324.

702 560 773 598 Vel
802 560 867 611 qui
898 572 1002 599 more
1032 560 1159 598 avium
1187 571 1271 597 sese
1295 558 1511 609 jaculantur
1535 558 1574 595 in
1603 570 1734 605 auras,

702 616 950 665 Corporaque
980 614 1183 652 aedificant
1210 615 1323 651 celeri
1351 615 1558 651 crescentia
1587 626 1706 658 nexw,

700 670 872 715 Quorum
900 669 1147 719 compositam
1172 681 1267 719 puer
1295 675 1504 707 amentatus
1533 668 1572 706 in
1603 681 1726 706 arcem

700 724 870 768 Eminet,
904 729 962 769 et,
1000 724 1146 761 vinctus
1173 724 1326 774 plantae
1357 724 1416 766 vel
1446 724 1617 760 cruribus
1644 723 1821 767 haerens,

699 778 873 816 Pendula
899 779 1035 815 librato
1065 779 1158 828 figat
1187 779 1345 828 vestigia
1370 779 1480 817 saltu.

2419 662 2422 713 ἓ

2416 719 2422 845 ἕ

219 868 221 873 “
263 850 410 894 Versu
439 850 522 894 320
555 850 674 892 haud
713 851 846 892 dubie
880 850 1150 906 petauristae
1174 852 1501 902 describuntur,
1540 850 1614 908 qui
1643 865 1829 907 corpora
1864 852 2094 894 aedificare
2128 852 2344 894 dicuntur.
2415 847 2420 865 '

156 907 403 959 Quaeritur,
431 920 648 964 quaenam
676 907 764 949 sint
789 905 902 948 haec
930 920 1133 963 corpora.
1187 906 1413 950 Gaenerus
1438 906 1555 959 dicit,
1581 905 1720 949 fuisse
1776 916 1970 963 egmata3
2006 907 2245 962 Koenigius
2272 919 2342 948 se-

153 975 294 1018 quens
318 960 593 1018 Scaliger-um
619 963 676 1004 ad
693 960 845 1005 Manil.
873 976 914 1005 v.
932 962 1016 1021 439
1042 961 1239 1006 homines
1268 970 1391 1020 putat
1417 961 1528 1006 alios
1558 975 1691 1019 super
1719 921 1831 1006 arios
1849 961 2054 1006 salientes
2073 962 2343 1019 pedibusque

152 1015 346 1060 humeris
372 1016 557 1061 aliorum
582 1018 831 1061 insistentes
854 1018 1093 1075 pyramidis
1121 1018 1308 1074 figuram
1334 1018 1548 1072 retulisse,
1580 1019 1625 1061 in
1654 1019 1780 1075 cujus
1809 1019 1977 1074 apicem
2006 1032 2114 1073 puer
2142 1018 2339 1061 evaserit.

152 1072 257 1116 Suis
285 1074 415 1129 igitur
442 1074 698 1129 corporibus
728 1087 914 1128 corpora
943 1073 1007 1116 illi
1033 1074 1230 1117 homines
1259 1075 1629 1118 aedificaverunt?
1681 1075 1803 1117 Sane
1840 1079 1968 1130 poeta
2001 1074 2086 1117 hoc
2122 1075 2229 1116 mire
2267 1088 2340 1116 ex-

184 1128 397 1173 ressisset.
449 1128 688 1186 Koenigius
714 1128 898 1172 Goeneri
925 1130 1138 1172 rationem
1165 1130 1346 1185 spernit,
1403 1131 1488 1172 uod
1516 1130 1732 1185 pegmatis
1758 1130 1920 1171 mentio
1941 1129 2021 1171 fiat
2048 1144 2090 1172 v.
2115 1128 2222 1171 325:
2248 1128 2343 1171 Μο-

150 1142 242 1227 gilo
259 1184 531 1240 „ponderibus
559 1186 798 1228 descendat
825 1198 982 1240 pegma
1008 1187 1196 1228 reductis
1235 1194 1317 1228 etc.
1415 1187 1468 1228 ed
1495 1185 1540 1227 hi
1567 1200 1725 1228 versus
1755 1185 2055 1241 superioribus
2081 1183 2212 1240 plane
2239 1197 2341 1227 eon·

150 1239 350 1291 veniunt3
387 1252 493 1283 nam
517 1253 677 1297 pegma
704 1241 747 1282 in
778 1240 964 1283 aedificii
990 1241 1176 1297 figuram
1203 1242 1331 1283 modo
1361 1240 1575 1283 elevatum
1602 1255 1720 1282 nnnc
1750 1241 1983 1282 demittitur
2020 1248 2061 1282 et
2088 1253 2224 1282 scena
2250 1253 2340 1280 mu·

150 1301 279 1337 tatur.
332 1295 528 1351 Corpora
554 1296 685 1348 igitur
712 1304 816 1338 sunt
829 1310 858 1349 p
887 1309 1003 1347 omn,
1030 1298 1144 1351 quod
1171 1297 1447 1350 petauristae,
1476 1297 1598 1350 tigna
1627 1305 1668 1337 et
1694 1294 1888 1338 tabulata
1906 1294 2105 1338 celeriter
2121 1302 2342 1338 nectentes

153 1356 194 1392 et
221 1349 458 1405 erigentes,
495 1349 740 1394 aedificant.
802 1350 855 1393 ln
912 1350 1012 1407 ujus
1039 1350 1223 1394 aedificii
1250 1350 1417 1407 apicem
1444 1364 1554 1408 puer
1583 1357 1848 1404 amentata-r,
1889 1350 2034 1407 ibique
2059 1362 2140 1392 seu
2166 1348 2342 1407 plautae

151 1405 324 1447 vinctus
352 1413 418 1447 est
444 1418 524 1447 seu
553 1404 715 1460 ligatus
743 1406 968 1458 cruribus,
1004 1419 1064 1447 ne
1098 1408 1292 1458 decidat,
1334 1407 1476 1449 saltat.
1538 1408 1636 1456 Qua
1665 1407 1915 1461 explicandi
1949 1407 2119 1449 ratione
2153 1406 2340 1461 probata

150 1473 240 1503 non
267 1473 379 1517 opus
398 1461 487 1502 ‘erit
515 1474 614 1503 cum
641 1460 854 1518 Koenigio
883 1460 1058 1512 facere,
1086 1462 1159 1518 qui
1187 1468 1363 1506 versum
1391 1461 1473 1505 323
1502 1462 1786 1519 rejiciendum
1813 1469 1984 1515 censet,
2012 1461 2083 1504 vel
2113 1475 2211 1502 cum
2240 1460 2338 1503 aliis

150 1516 471 1572 interpretibus,
501 1517 576 1572 qui
602 1517 775 1560 vinctus
804 1516 876 1560 vel
902 1517 948 1559 in
976 1517 1124 1560 vinctu
1150 1516 1223 1561 vel
1250 1517 1296 1560 in
1324 1518 1481 1561 vinctis
1498 1524 1673 1579 *mutare
1700 1516 1863 1560 volunt.

259 1603 360 1648 Vss.
389 1605 472 1648 325
503 1613 545 1648 et
572 1605 668 1649 326.

695 1676 837 1714 Mobile
863 1675 1092 1726 ponderibus
1121 1675 1327 1714 descendat
1349 1689 1488 1728 pegma
1517 1677 1699 1721 reductis,

695 1731 815 1782 Inque
842 1732 946 1769 chori
975 1732 1140 1783 speciem
1169 1738 1389 1783 spargentes
1417 1731 1536 1770 ardua
1564 1732 1733 1770 flammas

695 1785 820 1824 Scena
846 1792 955 1825 rotet.

260 1869 423 1925 Pegma
449 1869 682 1911 demissum
711 1876 777 1912 est
813 1876 853 1911 et
877 1883 1013 1913 scena
1038 1875 1152 1912 rotat
1177 1869 1392 1913 flammas.
1458 1870 1726 1926 Spargentes
1752 1869 1951 1912 flammas
1979 1883 2076 1912 esse
2103 1884 2195 1922 eas,
2222 1884 2339 1926 quae

149 1939 200 1967 se
227 1932 451 1980 spargant,
472 1925 568 1981 jam
594 1925 817 1968 Gesnerus
843 1925 1157 1969 animadvertit.
1213 1925 1410 1970 Praefert
1435 1932 1578 1969 tamen
1604 1926 1896 1983 conjecturam
1917 1925 2082 1969 Heinsii
2101 1931 2338 1983 parcentes

151 1986 193 2024 et
219 1980 548 2037 interpretatur:
577 1981 794 2033 innoxias,
818 1993 904 2025 non
930 1981 1208 2026 inhaerentes.
1259 1981 1354 2024 Hoc
1372 1982 1500 2024 modo
1529 1982 1674 2024 ardua
1698 1994 1794 2023 cum
1823 1994 1958 2024 scena
1985 1982 2338 2038 conjungendum

151 2042 230 2087 est,
260 2038 376 2091 quod
405 2035 530 2078 etiam'
557 2037 795 2090 Koenigius
822 2038 990 2092 probat.
1044 2038 1134 2079 Sed
1152 2038 1249 2092 jam
1278 2038 1556 2079 Burmannus
1586 2052 1672 2079 non
1702 2036 1959 2091 intelligens,
1988 2038 2093 2092 quid
2121 2037 2206 2080 sibi
2233 2035 2339 2080 velit

147 2088 192 2135 h.
218 2088 248 2136 l.
277 2091 417 2135 ardua
446 2105 603 2142 scena,
641 2091 826 2149 conjecit
854 2091 990 2137 arida.
1052 2090 1268 2148 Koenigio
1299 2092 1442 2136 ardua
1478 2105 1613 2135 scena
1650 2092 1706 2136 ad
1742 2092 1885 2148 ipsum
1923 2104 2083 2148 pegma
2121 2092 2340 2149 pertinere

148 2146 335 2190 videtur.
393 2147 489 2192 Hoc
524 2147 629 2188 mihi
656 2161 745 2188 non
781 2147 936 2203 placet.
988 2148 1136 2188 Potius
1172 2148 1435 2189 vocabulum
1472 2150 1609 2189 ardua
1645 2163 1743 2188 cum
1777 2156 2035 2203 spargentes
2063 2149 2338 2203 jungendum

147 2203 331 2256 videtur,
357 2210 406 2245 ut
434 2204 520 2245 sint
545 2203 751 2245 flammae
778 2202 988 2245 scintillas
1016 2202 1062 2244 in
1088 2201 1224 2247 altum
1254 2202 1504 2247 emittentes.

253 2302 325 2344 De
351 2302 467 2345 bello
496 2303 648 2345 Getico
676 2316 764 2344 vss‚
797 2303 819 2343 1
850 2310 892 2344 et
917 2302 957 2344 2.

692 2384 826 2421 Intacti
856 2397 940 2421 cum
968 2385 1130 2422 claustra
1156 2383 1245 2422 freti
1272 2362 1491 2422 coeuntibus
1519 2396 1661 2434 aequor

693 2439 888 2476 Armatum
915 2440 1078 2491 scopulis
1106 2439 1228 2477 audax
1254 2439 1480 2491 irrumperet
1505 2440 1624 2490 Argo,
1654 2446 1693 2477 et
1718 2452 1757 2490 q.
1784 2452 1815 2477 s.

234 2533 349 2579 'vix
375 2534 594 2593 expedies,
622 2535 837 2593 quomodo
864 2533 979 2579 haec
1003 2535 1139 2580 verba
1165 2535 1277 2579 inter
1302 2548 1356 2578 se
1380 2534 1657 2590 cohaereant,
1682 2536 1771 2579 nisi
1797 2536 1911 2579 forte
1937 2538 2177 2590 arbitraris,
2205 2550 2334 2580 accu-

146 2590 336 2634 sativum
372 2605 540 2646 aequor
577 2592 635 2634 ad
670 2605 802 2635 voces
842 2593 1038 2636 claustra
1060 2591 1170 2647 freti
1200 2591 1485 2648 explicandas
1515 2594 1765 2648 appositum
1802 2607 1913 2636 esse.
1973 2593 2155 2636 Locatio
2192 2600 2333 2637 autem

146 2645 378 2689 verborum
407 2659 541 2702 quum
563 2645 793 2703 postulare
819 2647 1030 2701 videatur,
1056 2654 1103 2690 ut
1127 2647 1266 2691 verba
1293 2647 1537 2692 coeuntibus
1566 2661 1741 2704 aequors
1760 2654 1972 2693 amatum
1997 2650 2189 2706 scopulis
2223 2649 2331 2690 inter

145 2713 197 2743 se
221 2700 455 2746 cohaerere
480 2710 521 2745 et
546 2703 840 2746 accusativum
867 2701 1060 2746 claustra
1086 2703 1141 2745 de
1166 2702 1302 2747 verbo
1330 2704 1586 2758 irrumperet
1611 2705 1806 2760 pendere
1822 2711 2037 2761 putemus,
2065 2719 2147 2760 pro
2173 2708 2331 2754 coe'un-x

143 2755 260 2799 tibus
288 2770 535 2813 proponere
561 2756 692 2800 velim
720 2759 1013 2815 conjecturam
1041 2757 1352 2802 cohibentibus.
1407 2758 1664 2815 Conjungas
1693 2760 1844 2815 igitur=
1872 2773 2005 2816 quum
2030 2759 2153 2815 &go
2176 2758 2330 2800 irrum-

143 2819 268 2868 peret
294 2811 490 2857 claustra
516 2812 665 2856 intacti
689 2812 800 2857 freti.
854 2815 981 2865 Quod
1007 2812 1164 2857 fretum
1192 2825 1272 2857 cur
1297 2815 1506 2857 intactum
1532 2815 1722 2868 dicatur,
1757 2816 1893 2858 verba
1918 2816 2110 2858 indicant
2138 2812 2329 2857 cohiben-

141 2866 255 2910 tibus
280 2879 449 2924 aequor
469 2875 680 2912 amatum
704 2872 909 2926 scopulis.
1150 2874 1159 2882 ⁸

31 2967 2427 3027 ff———-————-—-—--—--—---—————-*
